2768 4358
615 208 833 308 'Tertulliani
1002 249 1231 314 [cmxxxvur.

556 454 893 541 carun-xxxviii.

270 605 358 663 Iunc
378 604 472 682 igitur
488 610 518 664 et
539 605 753 682 scripturarum
773 610 803 662 et
824 602 1041 680 expositionum
1056 602 1233 663 adulteratio

230 702 397 779 deputanda
418 709 471 776 est,
492 703 543 762 ubi
564 703 715 764 doctrinae
736 701 892 761 diversitas
913 701 1074 760 invenitur.
1117 701 1233 776 Quibus

230 802 289 860 fuit
311 803 492 879 propositum
517 802 602 861 aliter
625 785 757 873 docendi,
779 820 826 859 eos
849 800 1007 860 necessitas
1031 799 1127 877 coegit
1147 800 1235 859 aliter

229 901 402 978 disponendi
411 901 608 961 instrumenta
619 901 776 961 doetrinae.
818 899 901 959 Alias
913 899 989 958 enim
998 920 1058 958 non
1069 900 1235 977 potuissent

203 1000 319 1059 saliter
332 1000 442 1073 docere,
456 999 516 1059 nisi
534 999 621 1059 aliter
638 1000 778 1060 haberent
796 1019 850 1076 per
871 1018 946 1075 quae
964 998 1107 1057 docerent.
1149 997 1235 1059 Sicut

232 1098 290 1158 illis
305 1119 363 1156 non
376 1098 518 1177 potuisset
533 1098 684 1158 succedere
699 1097 866 1174 corruptela
877 1097 1027 1156 doetrinae
1039 1097 1102 1156 sine
1112 1082 1247 1175 corrup-¹

232 1197 291 1256 tela
311 1196 570 1256 instrumentorum
592 1197 671 1270 eius;
693 1197 736 1255 ita
756 1200 787 1254 et
805 1194 891 1254 nobis
910 1196 1067 1272 integritas
1087 1195 1235 1254 doctrinae

233 1317 291 1355 non
316 1295 501 1372 competisset
526 1296 588 1355 sine
611 1296 784 1374 integritate
805 1314 914 1366 eorum,
932 1315 986 1372 per
1007 1316 1082 1373 quae
1103 1295 1236 1355 doctrina

232 1401 386 1454 tractatur.

190 1512 221 1547 10
275 1494 396 1553 Etenim
411 1493 482 1570 quid
497 1493 677 1553 eontrarium
691 1493 775 1552 nobis
787 1495 819 1554 in
830 1495 958 1555 nostris?
980 1493 1051 1570 quid
1065 1492 1101 1551 de
1116 1491 1236 1570 proprio

234 1592 396 1664 intulimus,
416 1597 450 1650 ut
472 1591 584 1669 aliquid
604 1591 785 1651 eontrarium
807 1593 834 1652 ei
856 1600 885 1652 et
905 1594 937 1652 in
959 1591 1113 1669 scripturis
1135 1591 1237 1667 depra-

234 1690 358 1750 hensum
377 1690 556 1749 detractione
569 1690 616 1748 vel
635 1690 796 1751 adiectione
809 1692 856 1751 vel
877 1689 1124 1751 transmutatione
1144 1709 1237 1747 reme·

236 1790 405 1848 diaremusl
447 1788 531 1864 Quod
547 1809 654 1861 sumus,
668 1789 723 1847 hoc
742 1796 811 1850 sunt
831 1790 992 1869 scripturae
1011 1789 1048 1847 ab
1068 1787 1154 1846 initio
1176 1807 1238 1846 suo.

234 1888 282 1945 Ex
296 1887 355 1945 illis
369 1907 476 1960 sumus,
492 1892 648 1964 antequam
662 1886 750 1946 aliter
763 1889 830 1960 fuit,
847 1894 1004 1966 antequam
1018 1908 1035 1946 a
1049 1886 1132 1946 vobis
1145 1886 1238 1945 inter·

193 2001 222 2050 15
235 1987 414 2063 polarentur.
446 1985 522 2045 (lum
530 1992 628 2044 autem
637 1986 732 2044 omnis
742 1986 930 2065 interpolatio
941 1986 1084 2064 posterior
1095 1985 1238 2045 credenda

236 2084 284 2156 sit,
299 2085 420 2143 veniens
433 2083 536 2160 utique
556 2104 593 2143 ex
606 2105 709 2143 caussa
722 2086 935 2158 aemulationis,
951 2106 1024 2163 quae
1038 2105 1133 2161 neque
1147 2083 1237 2161 prior,

236 2204 329 2262 neque
357 2181 514 2242 domestica
542 2203 672 2259 unquam
699 2189 744 2242 est
771 2184 842 2256 eius,
868 2185 945 2263 quod
970 2183 1135 2244 aemulatur
1147 2204 1155 2256 ;
1176 2188 1238 2241 tam

236 2282 407 2342 incredibile
422 2286 467 2340 est
482 2280 609 2359 sapienti
622 2282 736 2360 cuique,
748 2289 784 2343 nt
797 2304 849 2343 nos
863 2284 1030 2343 adulterum
1045 2282 1144 2342 stilum
1158 2281 1238 2340 intu-

270 2478 353 2527 Gusr.
370 2476 592 2539 xxxma-4.
610 2481 802 2527 instrumenta
819 2481 972 2527 doctrinae.
1006 2473 1239 2526 ‘Instrumentnm’

237 2558 259 2605 is
274 2571 413 2605 acommon
426 2556 495 2604 word
508 2556 536 2603 in
547 2556 690 2605 Tertullian
706 2557 746 2605 for
762 2557 807 2604 the
823 2557 983 2620 Scripturas:
1000 2555 1075 2620 Apol.
1090 2555 1119 2603 18
1132 2554 1240 2602 ‘instru-

198 2694 202 2703 .
238 2638 352 2683 mentum
373 2631 548 2693 litteraturae,‘
569 2634 604 2684 ab.
627 2647 667 2698 19,
690 2645 722 2697 47
752 2637 843 2683 ‘vetus
865 2631 1080 2693 instrumentum,‘
1105 2633 1166 2682 ‘the
1189 2631 1240 2681 Old

239 2710 413 2770 Testament';
441 2713 498 2761 ado.
520 2712 582 2761 Jua.
605 2725 633 2770 1;
659 2713 688 2761 de
711 2728 806 2776 money.
827 2728 853 2776 4,
873 2722 902 2776 73
927 2715 983 2762 ‹ula
1003 2713 1089 2761 Marc.
1107 2713 1124 2761 i.
1150 2724 1188 2770 10,
1211 2722 1240 2774 19

239 2791 389 2853 ‘utriusque
396 2786 577 2850 instrumenti,'
588 2794 595 2818 ‘
602 2789 630 2838 of
640 2790 702 2839 each
709 2788 885 2850 Testament‘3
902 2793 935 2840 iv.
949 2804 959 2838 1
972 2791 1049 2839 ‘duos
1058 2791 1117 2839 deos
1126 2788 1241 2838 dividens

239 2905 287 2921 ...
310 2869 420 2918 alterum
441 2867 546 2917 alterins
566 2868 737 2929 instrumenti,
758 2870 807 2929 vel,
827 2869 895 2933 quod
913 2869 995 2932 magis
1015 2870 1073 2919 usui
1094 2873 1134 2918 est
1152 2868 1242 2923 dicere,

239 2944 422 3007 Testamenti3’
447 2947 482 2995 iv.
503 2961 533 3006 ις
558 2963 582 2996 v.
605 2961 635 3007 23
660 2949 787 3012 despect.
807 2961 837 3011 53
863 2949 895 2996 de
913 2964 962 2997 rec.
982 2964 1052 2998 carra
1074 2961 1113 3012 39.
1154 2945 1241 2995 Below

241 3024 356 3089 ‘integro
372 3023 554 3075 instrumentc’
571 3026 593 3074 is
608 3027 654 3074 the
672 3026 772 3076 ‘whole
788 3025 904 3075 volume’
917 3027 945 3075 of
959 3028 1004 3076 the
1020 3027 1106 3076 sacred
1117 3026 1241 3090 writings,

239 3105 293 3154 like
306 3107 375 3152 ‘tota
385 3100 574 3164 instrumenta,'
585 3105 643 3153 ode.
663 3104 747 3154 Prae.
764 3106 802 3154 28.
836 3104 978 3153 Tertullian
994 3104 1047 3152 also
1063 3119 1120 3153 uses
1132 3104 1242 3152 ‘instru-

239 3181 340 3234 menta’
353 3182 381 3231 ol
389 3181 499 3231 beathen
511 3182 667 3243 documenta,
678 3182 753 3247 Apol.
765 3195 812 3244 103
830 3183 861 3231 de
872 3186 927 3232 test.
939 3184 1018 3232 caim.
1033 3195 1053 3232 1.
1088 3183 1153 3232 Late
1164 3182 1242 3230 Latin

240 3263 338 3311 writers
350 3260 427 3324 apply
438 3260 459 3308 it
471 3265 498 3308 to
509 3260 594 3324 publio
605 3277 633 3309 or
644 3261 734 3310 official
745 3261 853 3323 recorda,
865 3260 967 3310 Sueton.
977 3260 1049 3324 Vecp.
1064 3262 1079 3310 8
1089 3277 1095 3320 ;
1113 3260 1168 3310 cal.
1183 3261 1206 3309 8.

276 3353 313 3400 14.
332 3344 484 3396 antequam
503 3342 587 3386 aliter
604 3341 668 3398 fuit,
689 3339 731 3389 so.
765 3339 798 3387 So
816 3339 910 3402 Apelt„
927 3339 986 3402 aaa.
1021 3338 1082 3387 This
1100 3338 1152 3386 will
1168 3353 1242 3387 mean

241 3417 342 3467 ‘before
359 3432 409 3480 any
426 3416 561 3479 divergent
577 3416 695 3480 teaehing
712 3417 825 3466 existed!
859 3417 940 3478 Letd,
953 3417 1041 3477 Rhea,
1058 3416 1141 3481 Gany.
1154 3419 1242 3465 ‘ante-

241 3511 318 3559 quam
329 3494 395 3542 nihil
406 3494 482 3543 aliter
493 3493 542 3542 fuit
550 3509 627 3557 quam
639 3510 731 3544 sumus.
768 3494 836 3553 Quid
847 3495 957 3558 denique
965 3495 1014 3543 fuit
1021 3500 1160 3558 antequam
1170 3495 1243 3543 nobis

241 3570 472 3638 interpolarentur!
500 3574 553 3622 But
564 3572 608 3621 the
620 3589 693 3623 sense
704 3573 825 3623 demanda
838 3572 941 3622 ‘vobia'

278 3653 315 3702 18.
334 3654 439 3701 stilum
473 3649 583 3716 Loosely
594 3652 657 3700 used
672 3651 711 3701 for
724 3650 809 3701 ‘text’
821 3668 849 3701 or
861 3648 999 3716 ‘reeding.’
1011 3667 1039 3700 as
1050 3651 1138 3712 above,
1150 3651 1189 3700 ch.
1204 3661 1242 3715 17.

242 3730 329 3779 Below
340 3729 362 3778 it
372 3731 394 3779 is
406 3729 498 3795 simply
510 3727 591 3794 ‘pen,’
604 3746 632 3779 aa
643 3730 780 3795 generally.
815 3731 900 3794 Comp.
913 3731 947 3780 its
958 3745 1002 3779 use
1015 3731 1073 3780 ndo.
1085 3731 1171 3780 Marc.
1183 3731 1200 3779 i.
1215 3744 1242 3785 1;

241 3810 272 3858 de
282 3809 344 3858 idol.
359 3823 405 3871 ²33
422 3810 453 3858 de
463 3808 532 3874 bapt.
547 3822 575 3858 12
584 3826 591 3871 ;
607 3809 687 3873 Apol.
702 3823 739 3874 19.
