2768 4358
184 268 242 318 cm.
258 263 399 329 xxxma]
420 256 460 320 de
481 255 740 339 Praescrzptione
762 255 1018 320 Haereticorum.
1144 255 1185 338 85

183 425 300 485 nomine
318 425 489 486 admittunt.
531 427 579 486 Ita
598 447 655 485 non
676 426 848 498 Christiani,
863 427 979 485 nullum
998 426 1044 484 ius
1063 425 1185 503 capiunt

183 522 416 583 Christianarum
425 525 593 585 litterarum
603 525 639 583 ad
651 545 724 602 quos
737 524 842 584 merito
856 524 1011 585 dicendum
1026 527 1086 584 est:
1124 523 1184 599 Qui

152 659 159 667 -
182 621 275 682 estisl
299 623 418 701 quando
440 628 470 683 et
494 624 572 682 unde
593 624 734 683 venistisl
764 623 837 701 quid
859 623 892 682 in
915 644 979 682 meo
1002 622 1099 701 agitis,
1126 643 1183 681 non

183 720 261 780 mail
283 742 339 800 quo
359 723 492 800 deniquo,
508 722 648 795 Marcion,
664 722 728 782 iure
747 722 851 782 silvam
871 743 965 781 meam
987 722 1105 782 caedisl
1127 742 1185 800 qua

181 819 309 892 lieentia,
329 821 494 892 valentine,
516 823 609 880 fontes
630 842 708 881 meos
730 822 926 881 transvertisl
948 842 1007 899 qua
1026 826 1211 899 potestate,5

181 917 308 997 Apelles,
324 920 433 979 hmites
447 941 525 980 meos
544 921 725 979 commovesl
767 920 834 980 Mea
847 925 892 981 est
911 920 1060 998 possessio.
1104 919 1184 994 Quid

181 1016 238 1089 hio,
250 1018 347 1089 aeteri,
359 1019 397 1078 ad
405 1019 589 1079 voluntatem
600 1025 725 1078 vestram
737 1019 887 1079 seminatis
899 1025 929 1079 et
939 1018 1081 1098 pascitisl
1117 1019 1184 1077 Mea

170 1104 225 1175 'est
247 1117 397 1194 possessio,
415 1116 487 1177 olim
507 1117 651 1196 possideo,
673 1118 756 1196 prior
776 1117 918 1196 possideo,
938 1118 1030 1177 habeo
1054 1116 1183 1194 origines

180 1213 279 1274 firmas
292 1216 330 1274 ab
348 1215 421 1292 ipsis
441 1216 618 1287 auctoribus,
633 1237 757 1294 quorum
771 1217 829 1275 fuit
842 1237 897 1276 res.
940 1217 1004 1295 Ego
1018 1236 1083 1275 sum
1100 1216 1183 1276 heres

180 1315 384 1391 apostolorum.
436 1315 520 1375 Sicut
547 1319 688 1374 caverunt
715 1321 890 1375 testamento
918 1336 979 1387 suo,
1009 1315 1087 1375 siout
1113 1315 1182 1374 fidei
1198 1330 1228 1366 10

180 1412 398 1486 commiserunt,
427 1414 505 1472 siout
541 1414 762 1487 adiuraverunt,
794 1414 838 1473 ita
872 1419 966 1473 teneo.
1008 1415 1068 1473 Vos
1103 1419 1182 1474 certe

179 1509 432 1571 exheredaverunt
460 1532 574 1590 semper
601 1518 632 1571 et
659 1513 877 1585 abdicaverunt,
902 1520 937 1571 ut
962 1519 1123 1584 extraneos,
1147 1521 1182 1572 ut

179 1609 321 1668 inimicos.
364 1610 452 1671 Unde
463 1616 562 1670 autem
573 1611 707 1671 extranei
718 1615 747 1670 et
757 1611 872 1670 inimici
881 1612 1022 1689 apostolis
1032 1610 1180 1685 haeretiei,

180 1708 238 1767 nisi
252 1729 289 1767 ex
303 1710 470 1769 diversitate
485 1709 644 1782 doetrinae,
659 1730 749 1788 quam
762 1711 964 1789 unusquisque
978 1710 1014 1770 de
1033 1730 1086 1770 suo
1102 1711 1181 1769 arhi-

179 1808 238 1867 trio
252 1808 391 1868 adversus
405 1809 549 1886 apostolos
562 1816 614 1869 aut
627 1809 761 1887 protulit,
777 1816 830 1869 aut
844 1809 976 1887 recepitl
1197 1823 1225 1872 ι5

178 1955 280 2013 nentur,
292 1952 429 2002 Christiani
440 1969 492 2002 esse
508 1952 644 2012 desierunt,
658 1955 702 2017 qui
714 1953 808 2003 Christi
817 1955 919 2003 nomine
930 1953 1020 2002 amisso
1033 1952 1143 2002 hnmana
1154 1959 1181 2002 et

178 2035 284 2080 externa
295 2031 416 2080 voeabula
428 2031 581 2082 induerunt!
614 2033 711 2081 Athen.
724 2037 791 2082 Orat.
804 2048 825 2082 e.
837 2033 884 2082 Ar.
896 2033 913 2081 i.
926 2045 949 2093 3.

214 2121 235 2158 1.
252 2124 311 2158 non
323 2113 488 2171 christiani,
500 2111 517 2160 i.
526 2127 547 2160 e.
563 2111 715 2162 ‘haeretiei’

210 2202 234 2251 4
253 2190 619 2249 deniqu01seenote,oh.s.

244 2269 374 2315 Marcion
387 2303 393 2314 .
406 2302 412 2315 .
425 2304 430 2317 .
443 2270 604 2317 Valentius.
637 2267 691 2316 The
705 2283 752 2316 one
766 2266 872 2325 sxeised,
885 2266 929 2316 tha
943 2265 1016 2316 other
1026 2265 1178 2330 perverted:

178 2359 219 2393 sss
230 2348 293 2392 next
303 2343 414 2408 chapter.

252 2425 354 2472 silvam
379 2437 472 2472 msam
498 2427 615 2473 saedis?
661 2424 711 2473 For
736 2423 781 2473 the
804 2422 938 2488 metaphor
963 2438 1042 2486 comp.
1065 2422 1140 2487 Apol.
1162 2438 1179 2486 4

180 2501 352 2563 ‘squalentem
371 2502 461 2549 silvam
478 2501 562 2565 legum
581 2501 715 2559 caeditis';
733 2503 764 2551 de
780 2503 859 2552 asim.
880 2516 911 2564 33
931 2503 961 2551 de
978 2518 1061 2552 esron.
1082 2514 1128 2561 103
1148 2501 1178 2550 de

174 2579 238 2644 pud.
254 2578 298 2639 165
315 2580 413 2629 wast.
425 2580 452 2628 ii.
464 2594 488 2644 9.

210 2655 234 2707 6.
252 2661 377 2716 Apelles.
407 2659 475 2707 Who
492 2659 609 2708 imitated
624 2658 664 2708 his
681 2663 776 2709 master
790 2660 817 2708 in
832 2658 877 2708 tha
892 2659 1037 2707 mutilation
1054 2658 1082 2706 of
1096 2657 1177 2721 Scrip-

176 2740 250 2795 ture;
267 2736 372 2800 Hippol.
382 2752 407 2785 x.
419 2736 449 2797 38
461 2735 510 2784 τῶν
522 2734 548 2786 δὲ
560 2735 717 2800 εὐαγγελίων,
731 2733 747 2798 ἡ
759 2737 803 2786 τοῦ
814 2735 953 2784 ἀποστόλου
959 2734 991 2785 τὰ
998 2735 1031 2798 μὴ
1041 2735 1177 2800 ἀρέσκοντα

175 2813 241 2875 αὐτῷ
252 2814 359 2876 αἱρεῖται.

210 2893 232 2940 8.
251 2894 374 2950 origines
385 2896 489 2954 fimas,
502 2894 575 2943 ‘sure
586 2891 747 2943 titledseds!

211 2983 250 3021 10.
263 2978 408 3021 caverunt.
444 2971 506 3020 This
525 2972 547 3021 is
569 2973 613 3022 the
633 2973 759 3022 technioal
775 2973 842 3037 legal
862 2989 934 3022 sense
952 2973 981 3021 of
998 2969 1117 3031 ‘cavera’
1135 2975 1177 3022 ‘to

175 3046 290 3112 dispose,’
310 3049 415 3099 ‘deoree
434 3049 469 3113 by
488 3051 542 3099 will
559 3067 587 3100 or
602 3052 630 3099 in
646 3050 767 3116 writing.’
801 3051 888 3116 Gomp.
906 3051 1002 3108 Cicero,
1019 3052 1047 3100 ia
1062 3052 1132 3101 Vsrr.
1148 3051 1176 3100 ii.

178 3139 199 3175 1.
214 3139 258 3182 113
276 3127 306 3176 de
310 3127 362 3191 fin.
374 3127 401 3177 ii.
415 3141 454 3189 31.
468 3141 532 3189 1033
549 3128 650 3179 Sueten.
664 3128 729 3192 Assy.
742 3142 764 3190 1,
776 3132 879 3194 etsoep.

240 3207 308 3254 fidei
325 3209 533 3255 commiserunt.
571 3219 581 3254 1
596 3207 661 3257 Tim.
675 3207 692 3254 i.
712 3207 755 3266 18;
775 3207 865 3256 sTim.
882 3209 898 3258 i.
917 3221 956 3269 14,
969 3207 996 3256 ii.
1014 3222 1045 3266 23
1060 3207 1111 3257 ht.
1123 3207 1139 3255 i.
1153 3221 1176 3270 5.

210 3295 248 3333 11.
265 3287 479 3334 adiuraverunt.
517 3299 528 3332 1
542 3284 643 3334 Timr.
658 3299 697 3345 21,
710 3287 744 3336 vi.
760 3299 805 3348 13;
825 3301 837 3334 2
850 3287 914 3337 iim.
927 3286 962 3336 iv.
976 3300 997 3334 1.

210 3374 247 3410 12.
267 3364 481 3412 abdicaverunt.
526 3362 581 3410 The
608 3363 732 3412 taohnioal
753 3363 881 3412 law-term
908 3365 936 3412 in
957 3364 1010 3412 late
1032 3364 1110 3413 Latin
1138 3364 1177 3412 for

174 3439 382 3503 ‘disinheriting‚’
401 3444 408 3468 ‘
418 3441 591 3505 disowning’3
608 3441 695 3501 Quint.
712 3442 748 3492 iii.
766 3442 789 3493 6.
807 3452 838 3506 97
856 3447 881 3492 et
900 3459 967 3508 saep.
977 3459 984 3500 ;
1002 3442 1082 3505 Apol.
1101 3455 1125 3504 3,
1142 3442 1175 3503 6;

172 3517 203 3569 de
214 3518 269 3567 est.
281 3521 343 3568 east.
358 3532 395 3580 13.

239 3601 398 3656 extraneos,
411 3595 522 3653 ‘aliens’
535 3597 700 3657 ‘outsiders';
717 3614 744 3647 so
755 3599 835 3664 Apol.
850 3607 874 3663 7,
889 3596 928 3661 16,
941 3611 980 3660 31.

209 3687 249 3737 14.
266 3677 464 3734 unusquisqne
481 3679 517 3725 ds
534 3691 587 3725 suo
604 3680 732 3726 arbitrio.
765 3678 908 3726 Tertullian
922 3678 945 3725 is
957 3676 1084 3740 following
1094 3677 1173 3740 Hegi-

173 3753 259 3816 sippns
270 3752 336 3808 who,
347 3751 413 3801 after
424 3753 528 3816 naming
538 3754 639 3803 various
650 3755 770 3804 heretieal
787 3760 861 3814 saots,
873 3755 935 3804 adds
952 3751 1053 3803 inseror
1064 3752 1125 3803 ἰδίως
1135 3753 1175 3803 καὶ

173 3828 258 3894 ἑτέρως
268 3828 329 3879 ἰδίαν
340 3828 412 3893 δόξαν
423 3830 639 3896 παρεισηγάγοσαν
652 3833 734 3899 (opud
745 3833 836 3883 Euseb.
848 3833 884 3884 H.
893 3835 926 3883 Ε.
939 3834 974 3883 iv.
988 3832 1039 3896 22).
