2768 4358
183 274 242 321 cn.
260 265 397 332 xxx111.]
429 257 469 321 de
491 257 754 340 Praescriptione
774 256 1035 322 Haereticomm.
1144 272 1183 338 77

181 427 369 489 Timotheum
389 429 536 488 instruens
560 427 729 506 nuptiarum
750 449 865 507 quoqne
888 428 1092 489 interdictores
1116 449 1185 507 sug-

180 528 285 605 gillat:
304 528 348 587 ita
358 527 520 587 instituunt
532 527 665 588 Marcion
675 535 705 588 et
714 527 835 607 Apelles
846 527 911 587 eius
925 534 1050 588 secutor.
1080 527 1185 606 Aeque

180 627 279 706 tangit
293 649 342 688 eos
356 627 408 706 qui
427 628 557 687 dicerent
575 628 684 687 factam
697 628 757 687 iam
773 627 1028 687 resurrectionem:
1051 628 1082 687 id
1101 628 1136 687 de
1154 649 1185 688 se

180 726 382 786 Valentiniani
406 734 582 785 asseverant.
625 727 684 786 Sed
707 731 738 787 et
761 747 827 786 cnm
849 725 1034 804 genealogias
1055 727 1185 786 indeter-

180 826 307 885 minatas
318 825 457 898 nominat,
467 824 643 885 Valentinus
656 826 834 904 agnoscitur,
846 824 926 902 apud
937 846 1023 903 quem
1035 824 1118 884 Aeon
1133 821 1183 885 ille
1199 845 1213 896 5

180 925 276 985 nescio
294 924 346 1003 qui
366 923 434 984 novi
448 930 479 983 et
493 945 552 983 non
566 925 654 984 unius
668 924 794 984 nominis
807 931 929 1002 generat
944 945 980 984 ex
995 946 1048 984 sua
1063 925 1184 985 Charite

180 1025 304 1084 Sensum
318 1030 348 1084 et
358 1024 536 1084 Veritatem:
557 1032 587 1083 et
601 1024 633 1082 hi
647 1044 738 1102 aeque
749 1028 905 1101 procreant
916 1044 953 1083 ex
967 1045 998 1083 se
1013 1023 1185 1085 Sermonem

179 1128 210 1183 et
220 1122 336 1196 Vitam3
358 1121 463 1181 dehinc
474 1127 504 1180 et
517 1121 569 1180 isti
580 1131 721 1199 generant
733 1122 893 1182 Hominem
904 1128 935 1181 et
945 1123 1106 1183 Ecclesiam
1117 1145 1125 1196 3
1147 1125 1183 1183 de

179 1245 237 1303 qua
258 1224 354 1301 prima
375 1223 504 1301 ogdoade
518 1222 651 1283 Aeonum
668 1223 774 1283 exinde
789 1225 888 1285 decem
902 1225 963 1298 alii,
982 1231 1012 1285 et
1032 1223 1183 1284 duodecim

178 1319 285 1396 reliqui
305 1317 419 1377 Aeones
435 1318 518 1377 miris
534 1317 702 1378 nominibus
721 1319 859 1379 oriuntur
877 1319 909 1377 in
928 1339 1038 1378 meram
1054 1319 1183 1379 fabulam
1199 1336 1229 1373 10

178 1417 304 1494 triginta
317 1416 462 1477 Aeonum.
503 1416 589 1476 Idem
603 1418 761 1494 apostolus,
777 1439 844 1476 cum
863 1417 1012 1496 improbat
1030 1417 1197 1507 elementis

178 1617 233 1665 first
241 1633 314 1666 occur
322 1615 349 1664 in
358 1615 488 1676 Irenaens,
497 1617 515 1666 i.
526 1631 566 1680 22,
574 1617 658 1666 where
667 1616 734 1665 their
741 1618 760 1666 J
763 1617 878 1680 udaizing
886 1615 1028 1666 tendencies
1036 1632 1080 1664 are
1088 1616 1183 1680 clearly

178 1695 275 1754 stated;
293 1699 469 1758 ‘perseverant
480 1694 508 1743 in
518 1694 558 1743 his
568 1694 791 1744 consuetudinibus
802 1711 867 1758 quae
878 1698 939 1742 sunt
951 1694 1088 1743 secundum
1100 1693 1182 1757 legem

178 1779 204 1822 et
221 1772 326 1822 Iudaico
342 1773 486 1822 charactere
503 1771 599 1823 vitae’:
616 1789 697 1837 comp.
714 1773 817 1838 Hippoi.
834 1771 1136 1823 2212122222222122
1155 1771 1180 1820 a

177 1850 256 1900 πάντα
266 1849 328 1899 κατὰ
339 1849 413 1910 νόμον
428 1850 529 1915 udat,
541 1849 605 1900 οὕτω
616 1850 752 1913 φάσκοντες
765 1851 923 1902 δικαιοῦσθαι.
957 1851 1008 1900 For
1022 1851 1096 1900 other
1111 1850 1183 1914 early

176 1930 313 1978 references
324 1934 351 1978 to
363 1929 514 1979 Ebionitism
525 1946 566 1979 see
579 1931 645 1979 lren.
657 1931 691 1980 iv.
707 1945 746 1994 52.
761 1944 771 1978 1
783 1948 790 1992 ;
808 1947 831 1978 v.
847 1944 867 1978 1.
881 1943 903 1992 3.
931 1930 1035 1994 Hippoi.
1048 1930 1090 1979 vii.
1104 1943 1144 1987 22,
1156 1945 1180 1976 x.

180 2004 224 2068 '183
240 2008 290 2057 and
300 2008 343 2057 the
355 2024 472 2072 passages
483 2008 604 2058 collected
615 2009 642 2057 in
653 2009 823 2070 Schliemann,
832 2009 883 2058 Die
895 2009 1075 2068 Clementiana,
1088 2025 1111 2072 p.
1124 2017 1179 2070 471.

177 2086 280 2146 Nitzch,
292 2086 427 2151 Doymeay.
440 2104 464 2151 p.
478 2095 508 2149 37
521 2087 562 2146 ff.;
580 2087 711 2145 Hamack,
724 2087 859 2153 Doymenp.
872 2088 888 2136 i.
903 2086 949 2136 226
961 2087 988 2134 ff.

212 2181 233 2214 1.
252 2165 438 2215 Vimotheum.
475 2164 563 2215 1'l'im.
576 2165 610 2214 iv.
624 2180 646 2228 3.

243 2246 387 2305 suggillat,
400 2240 546 2307 ‘cudgels'z
563 2260 604 2292 see
616 2248 685 2304 note,
699 2243 738 2293 cla
752 2246 775 2294 8.

212 2337 233 2384 3.
251 2325 356 2371 factam
372 2325 429 2372 iam
446 2325 690 2372 resurrectionem.
725 2322 814 2371 aTim.
826 2321 852 2370 ii.
866 2321 903 2371 18.
940 2322 984 2386 op.
1003 2320 1033 2370 de
1049 2336 1095 2369 rer.
1110 2335 1179 2369 cara.

180 2413 209 2465 19
221 2404 228 2428 ‘
235 2399 327 2464 Itaque
340 2399 451 2464 [dicunt]
465 2404 492 2448 et
503 2401 710 2448 resurrectionem
722 2416 777 2448 eam
788 2400 965 2449 vindicandam
981 2415 1030 2462 qua
1042 2397 1097 2462 quis
1109 2396 1180 2446 adita

178 2480 286 2527 veritate
305 2477 475 2526 redanimatus
492 2482 518 2525 et
535 2477 705 2527 revivificatus
726 2479 780 2526 Deo
798 2477 953 2542 ignorantiae
969 2483 1049 2525 morte
1068 2475 1181 2525 diacoma

136 2591 138 2595 -
176 2557 247 2606 velut
267 2556 299 2605 de
316 2555 447 2620 sepulchro
467 2556 558 2605 veteris
576 2556 684 2605 hominis
704 2557 816 2620 eruperit
834 2593 840 2605 .
858 2592 864 2605 .
883 2593 889 2606 .
907 2555 1006 2604 Exinde
1023 2571 1082 2618 ergo
1098 2570 1179 2601 resur·

176 2635 313 2684 rectionem
329 2633 378 2682 fide
398 2637 542 2682 consecutos
558 2650 617 2683 cum
633 2634 743 2683 Domino
760 2651 813 2684 esse
830 2650 888 2684 cum
905 2634 1007 2683 eumin
1027 2633 1180 2697 baptismate

175 2710 322 2763 induerint?
355 2712 423 2761 Iren.
436 2712 463 2762 ii.
476 2714 517 2775 48.
531 2726 544 2760 2
561 2712 691 2760 ‘Tantum
708 2716 794 2761 antem
810 2713 903 2761 absunt
916 2714 949 2762 ab
967 2729 996 2762 eo
1012 2717 1040 2760 ut
1052 2716 1180 2760 mortuum

176 2790 359 2841 excitent...
379 2794 409 2839 ut
433 2806 465 2838 ne
487 2789 589 2854 quidem
605 2790 709 2840 credant
726 2791 773 2839 hoc
791 2791 819 2839 in
836 2795 918 2840 totum
938 2807 1009 2854 posse
1026 2788 1096 2838 fieri:
1126 2803 1179 2836 esse

174 2875 262 2919 autem
273 2870 483 2918 resurrectionem
500 2886 516 2917 a
531 2869 646 2931 mortuis,
657 2869 812 2933 agnitionem
828 2869 890 2932 eins,
904 2886 969 2934 quae
986 2871 1018 2918 ab
1030 2869 1065 2916 eis
1077 2867 1178 2927 dicitur,

174 2945 306 2998 veniatis?

208 3043 232 3091 4.
250 3028 454 3075 Valentiniani.
494 3025 579 3090 Many
598 3025 627 3075 of
643 3025 688 3075 the
707 3025 825 3076 Gnostioe
847 3027 897 3076 and
920 3028 1031 3075 Docetae
1054 3023 1180 3073 admitted

175 3121 191 3155 a
201 3104 333 3169 ‘spiritual
343 3101 350 3125 ’
361 3103 535 3152 resurrection.

241 3184 420 3240 genealogias
432 3185 674 3233 indeterminatas.
710 3196 721 3231 1
732 3182 796 3231 Tim.
808 3182 825 3231 i.
837 3197 862 3246 4.

209 3276 232 3325 5.
248 3264 427 3310 Valentinus.
462 3260 509 3310 See
520 3260 643 3310 Ps.·'l'ert.
656 3262 712 3310 odo.
725 3278 790 3311 omo.
802 3261 871 3310 haer.
886 3276 909 3323 2,
922 3260 1005 3310 where
1022 3260 1067 3309 the
1084 3263 1178 3324 system

174 3338 196 3389 is
206 3356 275 3388 more
286 3339 358 3403 fully,
369 3339 416 3387 but
427 3339 563 3388 somewhat
574 3339 727 3404 confusedly‚
738 3339 875 3389 described.

208 3417 231 3466 6.
253 3420 323 3466 novi
345 3422 374 3466 et
390 3432 450 3465 non
472 3418 558 3466 unius
580 3419 712 3466 nominis.
747 3419 832 3480 Comp.
855 3418 913 3467 adv.
937 3417 996 3467 Vol.
1017 3425 1030 3479 7
1050 3413 1176 3480 ‘[Valen·

174 3496 329 3547 tinianorum
346 3495 419 3559 deus]
437 3496 638 3544 substantialiter
649 3496 752 3560 quidem
761 3495 841 3545 Alaina
858 3495 959 3544 Τέλειον
971 3494 1107 3560 appellant,
1121 3508 1176 3556 per·

173 3575 294 3624 sonaliter
305 3590 364 3623 vero
376 3571 507 3636 Προαρχήν
519 3578 545 3622 et
555 3573 604 3634 Τὴν
616 3571 717 3638 ’Δρχήν,
730 3575 809 3624 etiam
820 3574 953 3640 Bython';
969 3575 1037 3623 Iren.
1045 3572 1061 3620 i.
1076 3585 1097 3619 1.
1112 3584 1133 3618 1.

208 3664 231 3717 7.
252 3652 562 3714 sennum=n0ov,110n.
575 3652 592 3701 1.
601 3668 622 3700 2.

208 3733 231 3781 8.
249 3735 283 3781 (12
295 3747 378 3789 qna=
385 3733 392 3757 ‘
399 3747 430 3780 ex
441 3727 507 3795 qua?

208 3823 247 3861 11.
264 3812 412 3860 elementis
423 3812 587 3861 servientes.
621 3809 679 3860 Gal.
691 3808 725 3860 iv.
737 3823 762 3874 9.
