2768 4358
182 252 449 325 cn.xxrr1X.]de
470 226 724 336 Praescriptioiie
745 252 1006 317 Haereticorum.
1140 253 1181 334 87

181 424 249 483 lisse
270 425 421 483 videamur
445 422 608 501 scripturis,
629 424 681 499 qui
700 443 801 482 sumus
825 445 843 483 a
864 423 1009 502 principio
1030 429 1061 482 et
1082 423 1181 501 primi,

181 542 268 599 quam
282 522 348 583 illos
362 544 420 582 non
434 522 579 592 intulisse,
594 522 646 597 qui
661 527 730 581 sunt
745 529 774 581 et
788 521 898 599 posteri
912 526 942 581 et
955 522 1079 581 adversi.

220 622 308 682 Alius
323 643 411 682 manu
426 622 594 700 scripturas,
606 622 682 681 alius
697 642 799 681 sensus
811 620 992 698 expositione
1003 620 1181 681 intervertit.

180 722 285 800 Neque
303 721 382 780 enim
402 721 427 779 si
441 719 616 779 Valentinus
637 720 751 797 integro
773 721 970 779 instrumento
992 720 1039 779 uti
1053 719 1180 791 videtur,

179 841 236 880 non
256 820 404 879 callidiore
425 819 542 895 ingenio
561 838 648 896 quarn
663 801 794 877 Marcion
811 838 914 877 manus
933 817 1036 878 intulit
1050 817 1181 878 veritati.
1196 839 1210 888 5

180 918 311 978 Marcion
325 918 403 977 enim
417 922 530 976 exserte
545 923 575 975 et
587 917 682 993 palam
701 918 862 989 machaera,
878 937 935 976 non
955 916 1022 976 stilo
1037 936 1108 974 usus
1127 923 1182 988 est,

178 1017 315 1092 quoniam
335 1017 373 1076 ad
393 1016 548 1076 materiam
570 1036 652 1074 suam
673 1015 789 1074 caedem
809 1015 1025 1093 seripturarum
1047 1015 1181 1074 confecit.

178 1114 353 1174 Valentinus
368 1119 466 1173 autem
480 1114 619 1190 pepercit,
636 1113 772 1190 quoniam
787 1135 845 1174 non
862 1114 900 1174 ad
918 1113 1071 1173 materiam
1092 1113 1182 1190 scrip-

177 1219 269 1284 turas,
294 1214 345 1272 sed
369 1213 521 1271 materiam
546 1212 583 1270 ad
611 1211 769 1289 scripturas
797 1212 994 1290 excogitavit:
1025 1217 1055 1271 et
1082 1216 1182 1270 tamen

177 1313 244 1390 plus
258 1313 381 1371 abstulit
394 1318 424 1370 et
437 1310 505 1388 plus
519 1309 634 1380 adiecit,
643 1311 777 1370 auferens
790 1311 987 1388 proprietates
997 1309 1181 1388 singulorum
1196 1329 1227 1365 10

177 1431 292 1488 quoque
303 1411 466 1480 verborum,
480 1413 510 1468 et
518 1407 647 1468 adiciens
659 1409 865 1486 dispositiones
880 1430 938 1469 non
952 1409 1181 1488 comparentium

177 1528 283 1568 rerum.

527 1616 662 1676 CAPUT
683 1614 822 1674 XXXIX.

218 1753 328 1811 EuArvr
347 1751 465 1829 ingenia
482 1753 518 1811 de
540 1753 724 1832 spiritalibus
743 1751 900 1830 nequitiae,
915 1773 981 1811 oum
998 1754 1105 1830 quibus
1119 1757 1180 1815 luc—

176 1851 250 1909 tatio
264 1856 308 1909 est
323 1850 414 1922 nobis,
429 1852 545 1924 fratres,
562 1852 667 1911 merito
687 1851 917 1928 contemplanda,
932 1851 1001 1910 fidei
1010 1853 1179 1926 necessaria,

176 1955 211 2008 ut
240 1949 326 2008 electi
354 1949 586 2021 manifestentur,
616 1957 650 2009 ut
678 1950 794 2026 reprobi
823 1949 1005 2026 detegantur.
1048 1952 1087 2011 Et
1115 1953 1180 2012 ideo
1196 1975 1224 2022 15

211 2106 233 2154 3.
251 2095 423 2142 intervertit.
458 2094 542 2158 Comp.
555 2094 594 2142 ch.
609 2104 646 2157 17.

209 2169 234 2220 6.
251 2173 389 2220 Marcion.
423 2172 509 2235 Oomp.
532 2173 600 2221 Iren.
624 2173 641 2220 i.
663 2185 707 2234 253
733 2170 825 2234 Epiph.
844 2170 925 2220 Haer.
949 2185 997 2234 42:
1027 2173 1090 2220 from
1110 2175 1181 2223 these

176 2250 275 2298 writers
298 2249 349 2297 and
368 2249 433 2298 from
452 2247 614 2299 Tertullian's
636 2251 738 2298 traatise
760 2249 860 2312 against
881 2248 944 2310 him,
966 2266 1005 2298 we
1026 2250 1099 2300 learn
1122 2253 1180 2301 that

177 2328 292 2377 Marcion
308 2328 420 2392 rejected
437 2328 480 2377 the
491 2329 575 2378 whole
592 2328 620 2377 of
634 2328 678 2377 the
695 2327 743 2377 Old
756 2328 911 2387 Testament,
925 2327 976 2376 and
990 2329 1105 2378 received
1119 2331 1180 2394 only

176 2406 202 2456 S.
213 2404 307 2455 Lulre's
317 2407 410 2470 Gospel
421 2406 472 2455 and
483 2413 528 2455 ten
539 2407 567 2455 ol
574 2407 599 2455 S.
611 2406 695 2454 Paul’s
707 2405 816 2469 Epistles
829 2404 937 2468 (Galat,
949 2417 959 2452 1
971 2406 1021 2454 and
1032 2421 1044 2454 2
1055 2409 1180 2468 Corinth,

175 2484 257 2545 Rom,
272 2498 283 2532 1
297 2485 347 2533 and
361 2500 373 2533 2
389 2485 481 2544 Thera,
495 2484 569 2548 Epa,
585 2485 687 2544 Ooloas„
699 2483 780 2543 Phil,
791 2482 933 2548 Philipp),
950 2484 986 2532 all
1002 2484 1029 2532 in
1048 2503 1064 2534 a
1079 2487 1179 2552 greatly

176 2562 314 2611 mutilated
332 2563 470 2612 condition.
507 2565 558 2612 For
577 2579 593 2611 a
612 2562 723 2611 detailed
741 2567 846 2611 account
863 2562 891 2609 of
905 2562 944 2610 his
962 2562 1118 2624 alterations,
1138 2581 1179 2614 see

176 2641 298 2700 Lardner,
317 2641 390 2691 Hist.
404 2643 436 2705 of
445 2641 571 2702 Heraites,
587 2642 625 2690 ch.
638 2656 662 2690 x.
681 2645 710 2700 §t
725 2641 789 2704 35ff.
816 2640 854 2689 cf.
867 2640 1017 2701 Theodoret,
1031 2643 1112 2692 Haer.
1121 2642 1177 2705 sab.

175 2720 192 2766 i.
205 2734 253 2782 a4;
271 2720 328 2783 Gyr.
340 2721 358 2768 J
361 2736 395 2769 er.
408 2720 507 2770 Calact.
524 2721 557 2767 vi.
573 2719 619 2779 16;
636 2719 687 2767 xvi.
701 2728 731 2781 73
748 2720 817 2782 Orig.
834 2735 854 2766 c.
873 2718 937 2766 Cels.
949 2719 975 2767 ii.
990 2730 1035 2782 ης
1053 2721 1177 2771 Ps.-Tert.

175 2799 234 2846 ado.
246 2813 310 2846 omn.
320 2797 389 2847 haer.
403 2797 424 2847 6.

209 2876 232 2924 8.
249 2878 419 2924 Valentinus
437 2882 539 2931 autem,
556 2876 599 2925 &a
642 2875 815 2937 Occasionally
832 2875 947 2925 however
963 2876 1116 2927 Valentinus
1134 2878 1178 2926 did

176 2954 280 3002 ‘invent
292 2954 415 3016 scripture
431 2958 459 3003 to
476 2953 528 3002 suit
544 2954 583 3002 his
595 2952 709 3002 theme':
728 2969 769 3002 see
786 2953 936 3013 Theodoret,
948 2953 1032 3004 Hoer.
1043 2955 1103 3017 fob.
1116 2955 1132 3005 i.
1147 2966 1177 3020 7;

175 3031 243 3080 Iren.
255 3032 273 3080 i.
287 3046 307 3079 1.
321 3032 344 3087 8,
356 3033 439 3081 where
451 3032 474 3081 it
489 3049 594 3097 appears
609 3032 668 3081 that
682 3033 715 3079 he
727 3031 808 3080 added
823 3029 936 3093 θεότητες
953 3036 980 3080 to
996 3032 1089 3083 Coloss.
1101 3035 1117 3082 i.
1132 3034 1177 3092 16;

174 3109 226 3158 and
242 3111 318 3172 again
335 3110 402 3158 Iren.
415 3111 431 3159 i.
447 3125 467 3159 1.
482 3109 522 3171 16,
543 3111 624 3159 where
646 3110 689 3157 οὐκ
707 3107 761 3157 οἶδα
778 3110 800 3157 is
819 3109 902 3158 added
917 3115 944 3159 to
961 3110 985 3159 S.
998 3110 1067 3159 John
1078 3111 1121 3160 xii.
1138 3125 1176 3175 27.

174 3189 260 3253 Oomp.
272 3194 314 3236 too
325 3189 368 3237 the
375 3189 540 3238 Valentinian
551 3186 718 3239 Ptolemaeus'
726 3188 848 3237 heretical
859 3188 965 3252 reading
973 3189 1025 3236 and
1033 3191 1177 3252 perversiori

174 3265 202 3314 of
216 3267 240 3315 S.
255 3265 326 3313 John
337 3266 354 3314 i.
369 3279 407 3330 14,
426 3268 521 3329 quoted
538 3267 605 3317 Iren.
622 3267 675 3316 i.1.
690 3266 720 3314 18
740 3265 813 3330 (with
830 3263 957 3328 Harvey's
973 3271 1040 3329 note,
1055 3267 1072 3316 i.
1085 3283 1108 3330 p.
1125 3270 1176 3331 79).

173 3344 227 3392 The
238 3344 405 3393 Valentinian
416 3345 574 3408 perversione
585 3361 628 3394 are
639 3343 750 3393 detailed
761 3344 795 3407 by
807 3344 873 3393 Iren.
886 3344 903 3394 i.
918 3357 939 3393 1.
953 3357 982 3406 15
991 3344 1017 3391 ff.

207 3423 289 3471 Cflsr.
302 3423 510 3485 XXXIX-13.
528 3427 626 3472 Erant.
661 3421 747 3487 Ayoh,
760 3422 837 3485 lay:
855 3422 927 3470 Haec
938 3428 998 3470 sunt
1009 3420 1053 3470 rel.

240 3504 361 3562 ingenia,
375 3499 550 3557 ‘inventione'
563 3506 569 3528 ‘
580 3500 689 3549 artifices
698 3498 719 3549 ἐ
738 3515 765 3548 so
776 3499 851 3563 Apol.
866 3513 896 3562 15
910 3499 1044 3548 ‘lasciviae
1059 3497 1171 3562 ingenia’

175 3581 227 3640 (see
238 3581 325 3639 note);
342 3579 374 3627 a'h.
388 3593 417 3628 aa
437 3583 535 3628 ‘cetera
551 3580 652 3642 ingenia
662 3579 704 3627 vel
721 3579 797 3626 etiam
813 3578 880 3626 vires
896 3576 1012 3626 fallaciae
1023 3577 1144 3641 spiritalis
1153 3574 1176 3637 ’ς

172 3656 205 3706 al).
219 3671 266 3720 49;
284 3658 319 3706 ad
330 3661 405 3706 mort.
418 3675 434 3718 4
445 3661 536 3706 ‘omne
548 3658 671 3706 carnificis
682 3657 811 3721 ingenium
822 3657 849 3703 in
860 3652 1010 3704 tormentis?

240 3738 417 3792 spiritalibus
430 3739 581 3793 nequitiae.
617 3736 681 3800 Eph.
695 3735 728 3784 vi.
745 3748 782 3782 12.

209 3825 246 3878 15.
265 3818 298 3862 ut
309 3816 393 3863 electi
404 3816 631 3863 manifestentur.
667 3814 753 3878 Comp.
768 3825 779 3860 1
794 3812 849 3860 Gor.
861 3812 895 3860 xi.
910 3825 946 3876 ¹9·
