<?xml version="1.0" encoding="UTF-8"?>
<!DOCTYPE html PUBLIC "-//W3C//DTD XHTML 1.0 Transitional//EN"
    "http://www.w3.org/TR/xhtml1/DTD/xhtml1-transitional.dtd">
<html xmlns="http://www.w3.org/1999/xhtml" xml:lang="en" lang="en">
 <head>
  <title>
</title>
<meta http-equiv="Content-Type" content="text/html;charset=utf-8" />
  <meta name='ocr-system' content='tesseract 3.04.00' />
  <meta name='ocr-capabilities' content='ocr_page ocr_carea ocr_par ocr_line ocrx_word'/>
</head>
<body>
  <div class='ocr_page' id='page_1' title='image "./depraescription01tertgoog_0090.png"; bbox 0 0 2768 4358; ppageno 0'>
   <div class='ocr_carea' id='block_1_1' title="bbox 176 235 1178 320">
    <p class='ocr_par' dir='ltr' id='par_1_1' title="bbox 176 235 1178 320">
     <span class='ocr_line' id='line_1_1' title="bbox 176 235 1178 320; baseline -0.002 -19"><span class='ocrx_word' id='word_1_1' title='bbox 176 246 384 313; x_wconf 72' lang='lat' dir='ltr'>cm.xxx111.]</span> <span class='ocrx_word' id='word_1_2' title='bbox 416 238 456 302; x_wconf 82' lang='lat' dir='ltr'>de</span> <span class='ocrx_word' id='word_1_3' title='bbox 478 237 736 320; x_wconf 78' lang='lat' dir='ltr'>Praescriptiene</span> <span class='ocrx_word' id='word_1_4' title='bbox 758 235 1017 302; x_wconf 80' lang='lat' dir='ltr'>Haereticerum.</span> <span class='ocrx_word' id='word_1_5' title='bbox 1137 247 1178 317; x_wconf 85' lang='lat'>75</span> 
     </span>
    </p>
   </div>
   <div class='ocr_carea' id='block_1_2' title="bbox 174 404 1225 2561">
    <p class='ocr_par' dir='ltr' id='par_1_2' title="bbox 175 404 1179 668">
     <span class='ocr_line' id='line_1_2' title="bbox 175 404 1179 486; baseline -0.001 -20"><span class='ocrx_word' id='word_1_6' title='bbox 175 407 287 469; x_wconf 89' lang='lat' dir='ltr'>itidem.</span> <span class='ocrx_word' id='word_1_7' title='bbox 352 409 476 469; x_wconf 79' lang='lat' dir='ltr'><strong>Perinde</strong></span> <span class='ocrx_word' id='word_1_8' title='bbox 511 408 616 486; x_wconf 90' lang='lat' dir='ltr'>utique</span> <span class='ocrx_word' id='word_1_9' title='bbox 650 413 682 469; x_wconf 91' lang='lat' dir='ltr'>et</span> <span class='ocrx_word' id='word_1_10' title='bbox 716 413 828 467; x_wconf 87' lang='lat' dir='ltr'>ceterae</span> <span class='ocrx_word' id='word_1_11' title='bbox 862 406 1003 468; x_wconf 74' lang='lat' dir='ltr'>exhibent</span> <span class='ocrx_word' id='word_1_12' title='bbox 1037 426 1110 485; x_wconf 91' lang='lat' dir='ltr'>quos</span> <span class='ocrx_word' id='word_1_13' title='bbox 1141 404 1179 465; x_wconf 89' lang='lat' dir='ltr'>ab</span> 
     </span>
     <span class='ocr_line' id='line_1_3' title="bbox 175 503 1179 587; baseline -0.004 -21"><span class='ocrx_word' id='word_1_14' title='bbox 175 508 314 586; x_wconf 80' lang='lat' dir='ltr'>apostolis</span> <span class='ocrx_word' id='word_1_15' title='bbox 347 507 381 567; x_wconf 94' lang='lat' dir='ltr'>in</span> <span class='ocrx_word' id='word_1_16' title='bbox 415 509 615 587; x_wconf 87' lang='lat' dir='ltr'>episcopatum</span> <span class='ocrx_word' id='word_1_17' title='bbox 652 506 829 567; x_wconf 85' lang='lat' dir='ltr'>constitutos</span> <span class='ocrx_word' id='word_1_18' title='bbox 869 504 1025 584; x_wconf 88' lang='lat' dir='ltr'>apostolici</span> <span class='ocrx_word' id='word_1_19' title='bbox 1060 503 1179 566; x_wconf 88' lang='lat' dir='ltr'>seminis</span> 
     </span>
     <span class='ocr_line' id='line_1_4' title="bbox 175 607 461 668; baseline 0.003 -2"><span class='ocrx_word' id='word_1_20' title='bbox 175 607 311 666; x_wconf 74' lang='lat' dir='ltr'><strong>traduces</strong></span> <span class='ocrx_word' id='word_1_21' title='bbox 324 607 461 668; x_wconf 82' lang='lat' dir='ltr'>habeant.</span> 
     </span>
    </p>

    <p class='ocr_par' dir='ltr' id='par_1_3' title="bbox 174 702 1225 1968">
     <span class='ocr_line' id='line_1_5' title="bbox 218 702 1180 784; baseline -0.004 -19"><span class='ocrx_word' id='word_1_22' title='bbox 218 705 396 783; x_wconf 83' lang='lat' dir='ltr'>Confingant</span> <span class='ocrx_word' id='word_1_23' title='bbox 419 705 478 765; x_wconf 88' lang='lat' dir='ltr'>tale</span> <span class='ocrx_word' id='word_1_24' title='bbox 500 704 613 784; x_wconf 89' lang='lat' dir='ltr'>aliquid</span> <span class='ocrx_word' id='word_1_25' title='bbox 637 703 786 765; x_wconf 85' lang='lat' dir='ltr'>haeretici.</span> <span class='ocrx_word' id='word_1_26' title='bbox 827 703 908 779; x_wconf 84' lang='lat' dir='ltr'>Quid</span> <span class='ocrx_word' id='word_1_27' title='bbox 928 704 1007 763; x_wconf 92' lang='lat' dir='ltr'>enim</span> <span class='ocrx_word' id='word_1_28' title='bbox 1027 702 1087 762; x_wconf 89' lang='lat' dir='ltr'>illis</span> <span class='ocrx_word' id='word_1_29' title='bbox 1111 707 1180 780; x_wconf 83' lang='lat' dir='ltr'>post</span> 
     </span>
     <span class='ocr_line' id='line_1_6' title="bbox 175 800 1207 881; baseline -0.002 -21"><span class='ocrx_word' id='word_1_30' title='bbox 175 801 387 881; x_wconf 77' lang='lat' dir='ltr'><strong>blasphemiam</strong></span> <span class='ocrx_word' id='word_1_31' title='bbox 414 805 552 865; x_wconf 90' lang='lat' dir='ltr'>illicitum</span> <span class='ocrx_word' id='word_1_32' title='bbox 581 806 647 864; x_wconf 79' lang='lat' dir='ltr'>esti</span> <span class='ocrx_word' id='word_1_33' title='bbox 699 804 758 864; x_wconf 77' lang='lat' dir='ltr'>Sed</span> <span class='ocrx_word' id='word_1_34' title='bbox 785 803 842 863; x_wconf 87' lang='lat' dir='ltr'>etsi</span> <span class='ocrx_word' id='word_1_35' title='bbox 870 802 1074 876; x_wconf 87' lang='lat' dir='ltr'>confinxerint,</span> <span class='ocrx_word' id='word_1_36' title='bbox 1104 800 1207 873; x_wconf 85' lang='lat' dir='ltr'>nihii5</span> 
     </span>
     <span class='ocr_line' id='line_1_7' title="bbox 174 899 1181 981; baseline -0.004 -19"><span class='ocrx_word' id='word_1_37' title='bbox 174 904 395 979; x_wconf 87' lang='lat' dir='ltr'>promovebunt.</span> <span class='ocrx_word' id='word_1_38' title='bbox 436 903 507 981; x_wconf 88' lang='lat' dir='ltr'>Ipsa</span> <span class='ocrx_word' id='word_1_39' title='bbox 533 901 613 963; x_wconf 89' lang='lat' dir='ltr'>enim</span> <span class='ocrx_word' id='word_1_40' title='bbox 636 902 769 962; x_wconf 84' lang='lat' dir='ltr'>doctrina</span> <span class='ocrx_word' id='word_1_41' title='bbox 796 923 898 963; x_wconf 92' lang='lat' dir='ltr'>eorum</span> <span class='ocrx_word' id='word_1_42' title='bbox 926 922 993 961; x_wconf 92' lang='lat' dir='ltr'>oum</span> <span class='ocrx_word' id='word_1_43' title='bbox 1020 899 1181 978; x_wconf 87' lang='lat' dir='ltr'>apostolica</span> 
     </span>
     <span class='ocr_line' id='line_1_8' title="bbox 176 998 1178 1080; baseline -0.002 -20"><span class='ocrx_word' id='word_1_44' title='bbox 176 1007 352 1079; x_wconf 84' lang='lat' dir='ltr'>comparata,</span> <span class='ocrx_word' id='word_1_45' title='bbox 367 1022 404 1062; x_wconf 87' lang='lat' dir='ltr'>ex</span> <span class='ocrx_word' id='word_1_46' title='bbox 424 1001 597 1063; x_wconf 85' lang='lat' dir='ltr'>diversitate</span> <span class='ocrx_word' id='word_1_47' title='bbox 614 1008 645 1063; x_wconf 87' lang='lat' dir='ltr'>et</span> <span class='ocrx_word' id='word_1_48' title='bbox 664 1001 872 1063; x_wconf 73' lang='lat' dir='ltr'><strong>contrarietate</strong></span> <span class='ocrx_word' id='word_1_49' title='bbox 892 1023 945 1061; x_wconf 87' lang='lat' dir='ltr'>sua</span> <span class='ocrx_word' id='word_1_50' title='bbox 965 998 1178 1080; x_wconf 78' lang='lat' dir='ltr'>pronuntiabit,</span> 
     </span>
     <span class='ocr_line' id='line_1_9' title="bbox 176 1097 1180 1179; baseline 0 -22"><span class='ocrx_word' id='word_1_51' title='bbox 176 1119 270 1178; x_wconf 88' lang='lat' dir='ltr'>neque</span> <span class='ocrx_word' id='word_1_52' title='bbox 284 1101 410 1179; x_wconf 85' lang='lat' dir='ltr'>apostoli</span> <span class='ocrx_word' id='word_1_53' title='bbox 423 1100 547 1160; x_wconf 86' lang='lat' dir='ltr'>alicuius</span> <span class='ocrx_word' id='word_1_54' title='bbox 565 1100 694 1162; x_wconf 88' lang='lat' dir='ltr'>auctoris</span> <span class='ocrx_word' id='word_1_55' title='bbox 715 1122 785 1174; x_wconf 85' lang='lat' dir='ltr'>esse,</span> <span class='ocrx_word' id='word_1_56' title='bbox 799 1121 894 1178; x_wconf 90' lang='lat' dir='ltr'>neque</span> <span class='ocrx_word' id='word_1_57' title='bbox 915 1098 1087 1179; x_wconf 87' lang='lat' dir='ltr'>apostolioi;</span> <span class='ocrx_word' id='word_1_58' title='bbox 1110 1097 1180 1176; x_wconf 87' lang='lat' dir='ltr'>quie</span> 
     </span>
     <span class='ocr_line' id='line_1_10' title="bbox 176 1197 1180 1277; baseline -0.003 -19"><span class='ocrx_word' id='word_1_59' title='bbox 176 1197 253 1258; x_wconf 91' lang='lat' dir='ltr'>sicut</span> <span class='ocrx_word' id='word_1_60' title='bbox 267 1199 391 1277; x_wconf 87' lang='lat' dir='ltr'>apostoli</span> <span class='ocrx_word' id='word_1_61' title='bbox 404 1221 463 1260; x_wconf 91' lang='lat' dir='ltr'>non</span> <span class='ocrx_word' id='word_1_62' title='bbox 477 1199 593 1260; x_wconf 72' lang='lat' dir='ltr'>diuersa</span> <span class='ocrx_word' id='word_1_63' title='bbox 606 1200 685 1260; x_wconf 86' lang='lat' dir='ltr'>inter</span> <span class='ocrx_word' id='word_1_64' title='bbox 699 1221 729 1260; x_wconf 91' lang='lat' dir='ltr'>se</span> <span class='ocrx_word' id='word_1_65' title='bbox 743 1201 915 1273; x_wconf 72' lang='lat' dir='ltr'>docuissent,</span> <span class='ocrx_word' id='word_1_66' title='bbox 926 1199 970 1259; x_wconf 86' lang='lat' dir='ltr'>ita</span> <span class='ocrx_word' id='word_1_67' title='bbox 985 1206 1015 1259; x_wconf 90' lang='lat' dir='ltr'>et</span> <span class='ocrx_word' id='word_1_68' title='bbox 1028 1197 1180 1277; x_wconf 90' lang='lat' dir='ltr'>apostolici</span> 
     </span>
     <span class='ocr_line' id='line_1_11' title="bbox 175 1296 1225 1376; baseline 0.001 -21"><span class='ocrx_word' id='word_1_69' title='bbox 175 1316 235 1355; x_wconf 91' lang='lat' dir='ltr'>non</span> <span class='ocrx_word' id='word_1_70' title='bbox 256 1298 403 1357; x_wconf 85' lang='lat' dir='ltr'>contraria</span> <span class='ocrx_word' id='word_1_71' title='bbox 423 1299 563 1376; x_wconf 83' lang='lat' dir='ltr'>apostolis</span> <span class='ocrx_word' id='word_1_72' title='bbox 585 1298 753 1371; x_wconf 80' lang='lat' dir='ltr'>edidissent,</span> <span class='ocrx_word' id='word_1_73' title='bbox 768 1298 827 1358; x_wconf 90' lang='lat' dir='ltr'>nisi</span> <span class='ocrx_word' id='word_1_74' title='bbox 847 1297 893 1357; x_wconf 85' lang='lat' dir='ltr'>ilh&#39;</span> <span class='ocrx_word' id='word_1_75' title='bbox 915 1298 968 1376; x_wconf 93' lang='lat' dir='ltr'>qui</span> <span class='ocrx_word' id='word_1_76' title='bbox 988 1298 1026 1357; x_wconf 88' lang='lat' dir='ltr'>ab</span> <span class='ocrx_word' id='word_1_77' title='bbox 1042 1296 1180 1374; x_wconf 85' lang='lat' dir='ltr'>apostolis</span> <span class='ocrx_word' id='word_1_78' title='bbox 1196 1309 1225 1344; x_wconf 88' lang='lat'>10</span> 
     </span>
     <span class='ocr_line' id='line_1_12' title="bbox 176 1394 1179 1476; baseline -0.001 -22"><span class='ocrx_word' id='word_1_79' title='bbox 176 1394 344 1456; x_wconf 90' lang='lat' dir='ltr'>didicerunt</span> <span class='ocrx_word' id='word_1_80' title='bbox 363 1396 450 1456; x_wconf 89' lang='lat' dir='ltr'>aliter</span> <span class='ocrx_word' id='word_1_81' title='bbox 472 1396 723 1476; x_wconf 86' lang='lat' dir='ltr'>praedicaverunt.</span> <span class='ocrx_word' id='word_1_82' title='bbox 769 1397 818 1456; x_wconf 90' lang='lat' dir='ltr'>Ad</span> <span class='ocrx_word' id='word_1_83' title='bbox 840 1396 915 1456; x_wconf 86' lang='lat' dir='ltr'>hanc</span> <span class='ocrx_word' id='word_1_84' title='bbox 935 1396 1036 1475; x_wconf 85' lang='lat' dir='ltr'>itaque</span> <span class='ocrx_word' id='word_1_85' title='bbox 1057 1397 1179 1455; x_wconf 87' lang='lat' dir='ltr'>formam</span> 
     </span>
     <span class='ocr_line' id='line_1_13' title="bbox 175 1493 1179 1575; baseline 0.003 -24"><span class='ocrx_word' id='word_1_86' title='bbox 175 1494 379 1572; x_wconf 90' lang='lat' dir='ltr'>probabuntur</span> <span class='ocrx_word' id='word_1_87' title='bbox 393 1495 505 1556; x_wconf 86' lang='lat' dir='ltr'>abillis</span> <span class='ocrx_word' id='word_1_88' title='bbox 519 1496 656 1567; x_wconf 84' lang='lat' dir='ltr'>eeclesiis,</span> <span class='ocrx_word' id='word_1_89' title='bbox 670 1516 744 1575; x_wconf 88' lang='lat' dir='ltr'>quae</span> <span class='ocrx_word' id='word_1_90' title='bbox 758 1494 828 1556; x_wconf 88' lang='lat' dir='ltr'>licet</span> <span class='ocrx_word' id='word_1_91' title='bbox 844 1496 960 1555; x_wconf 93' lang='lat' dir='ltr'>nullum</span> <span class='ocrx_word' id='word_1_92' title='bbox 981 1517 1018 1554; x_wconf 89' lang='lat' dir='ltr'>ex</span> <span class='ocrx_word' id='word_1_93' title='bbox 1040 1493 1179 1572; x_wconf 85' lang='lat' dir='ltr'>apostolis</span> 
     </span>
     <span class='ocr_line' id='line_1_14' title="bbox 175 1593 1178 1673; baseline -0.002 -19"><span class='ocrx_word' id='word_1_94' title='bbox 175 1593 222 1654; x_wconf 85' lang='lat' dir='ltr'>vel</span> <span class='ocrx_word' id='word_1_95' title='bbox 237 1593 405 1671; x_wconf 89' lang='lat' dir='ltr'>apostolicis</span> <span class='ocrx_word' id='word_1_96' title='bbox 415 1600 563 1654; x_wconf 91' lang='lat' dir='ltr'>auctorem</span> <span class='ocrx_word' id='word_1_97' title='bbox 577 1616 661 1655; x_wconf 84' lang='lat' dir='ltr'>sunm</span> <span class='ocrx_word' id='word_1_98' title='bbox 674 1595 831 1673; x_wconf 86' lang='lat' dir='ltr'>proferant,</span> <span class='ocrx_word' id='word_1_99' title='bbox 842 1602 876 1655; x_wconf 90' lang='lat' dir='ltr'>ut</span> <span class='ocrx_word' id='word_1_100' title='bbox 890 1595 981 1654; x_wconf 89' lang='lat' dir='ltr'>multo</span> <span class='ocrx_word' id='word_1_101' title='bbox 995 1593 1178 1672; x_wconf 84' lang='lat' dir='ltr'>posteriores,</span> 
     </span>
     <span class='ocr_line' id='line_1_15' title="bbox 176 1692 1179 1771; baseline 0 -20"><span class='ocrx_word' id='word_1_102' title='bbox 176 1711 250 1769; x_wconf 87' lang='lat' dir='ltr'>quae</span> <span class='ocrx_word' id='word_1_103' title='bbox 274 1692 401 1771; x_wconf 88' lang='lat' dir='ltr'>denique</span> <span class='ocrx_word' id='word_1_104' title='bbox 429 1692 549 1754; x_wconf 80' lang='lat' dir='ltr'>cottidie</span> <span class='ocrx_word' id='word_1_105' title='bbox 569 1692 782 1767; x_wconf 89' lang='lat' dir='ltr'>instituuntur,</span> <span class='ocrx_word' id='word_1_106' title='bbox 808 1699 906 1754; x_wconf 86' lang='lat' dir='ltr'>tomen</span> <span class='ocrx_word' id='word_1_107' title='bbox 933 1693 966 1752; x_wconf 91' lang='lat' dir='ltr'>in</span> <span class='ocrx_word' id='word_1_108' title='bbox 994 1693 1095 1754; x_wconf 87' lang='lat' dir='ltr'>eadem</span> <span class='ocrx_word' id='word_1_109' title='bbox 1120 1693 1179 1752; x_wconf 89' lang='lat' dir='ltr'>fide</span> 
     </span>
     <span class='ocr_line' id='line_1_16' title="bbox 176 1791 1223 1872; baseline -0.001 -22"><span class='ocrx_word' id='word_1_110' title='bbox 176 1791 376 1868; x_wconf 86' lang='lat' dir='ltr'>conspirantes</span> <span class='ocrx_word' id='word_1_111' title='bbox 397 1813 456 1851; x_wconf 92' lang='lat' dir='ltr'>non</span> <span class='ocrx_word' id='word_1_112' title='bbox 476 1793 572 1852; x_wconf 90' lang='lat' dir='ltr'>minus</span> <span class='ocrx_word' id='word_1_113' title='bbox 592 1793 766 1872; x_wconf 85' lang='lat' dir='ltr'>apostolicae</span> <span class='ocrx_word' id='word_1_114' title='bbox 787 1793 968 1872; x_wconf 83' lang='lat' dir='ltr'>deputantur</span> <span class='ocrx_word' id='word_1_115' title='bbox 986 1813 1039 1871; x_wconf 91' lang='lat' dir='ltr'>pro</span> <span class='ocrx_word' id='word_1_116' title='bbox 1058 1811 1179 1852; x_wconf 87' lang='lat' dir='ltr'>consan·</span> <span class='ocrx_word' id='word_1_117' title='bbox 1194 1807 1223 1858; x_wconf 88' lang='lat'>15</span> 
     </span>
     <span class='ocr_line' id='line_1_17' title="bbox 175 1889 491 1968; baseline 0.013 -22"><span class='ocrx_word' id='word_1_118' title='bbox 175 1889 321 1968; x_wconf 79' lang='lat' dir='ltr'>guinitate</span> <span class='ocrx_word' id='word_1_119' title='bbox 335 1890 491 1951; x_wconf 88' lang='lat' dir='ltr'>doctrinae.</span> 
     </span>
    </p>

    <p class='ocr_par' dir='ltr' id='par_1_4' title="bbox 174 1987 1225 2561">
     <span class='ocr_line' id='line_1_18' title="bbox 218 1987 1180 2067; baseline 0.002 -21"><span class='ocrx_word' id='word_1_120' title='bbox 218 1988 267 2047; x_wconf 86' lang='lat' dir='ltr'>Ita</span> <span class='ocrx_word' id='word_1_121' title='bbox 281 2008 380 2048; x_wconf 90' lang='lat' dir='ltr'>omues</span> <span class='ocrx_word' id='word_1_122' title='bbox 394 1989 527 2050; x_wconf 86' lang='lat' dir='ltr'>haereses</span> <span class='ocrx_word' id='word_1_123' title='bbox 540 1991 579 2050; x_wconf 85' lang='lat' dir='ltr'>ad</span> <span class='ocrx_word' id='word_1_124' title='bbox 593 1995 749 2067; x_wconf 89' lang='lat' dir='ltr'>utramque</span> <span class='ocrx_word' id='word_1_125' title='bbox 762 1991 886 2051; x_wconf 84' lang='lat' dir='ltr'>formam</span> <span class='ocrx_word' id='word_1_126' title='bbox 900 2010 918 2050; x_wconf 87' lang='lat' dir='ltr'>a</span> <span class='ocrx_word' id='word_1_127' title='bbox 932 1989 1040 2050; x_wconf 89' lang='lat' dir='ltr'>nostris</span> <span class='ocrx_word' id='word_1_128' title='bbox 1051 1987 1180 2048; x_wconf 88' lang='lat' dir='ltr'>ecclesiis</span> 
     </span>
     <span class='ocr_line' id='line_1_19' title="bbox 176 2087 1180 2167; baseline 0.001 -23"><span class='ocrx_word' id='word_1_129' title='bbox 176 2092 349 2164; x_wconf 87' lang='lat' dir='ltr'>provocatae</span> <span class='ocrx_word' id='word_1_130' title='bbox 362 2088 487 2164; x_wconf 89' lang='lat' dir='ltr'>probent</span> <span class='ocrx_word' id='word_1_131' title='bbox 501 2108 531 2148; x_wconf 87' lang='lat' dir='ltr'>se</span> <span class='ocrx_word' id='word_1_132' title='bbox 545 2109 662 2167; x_wconf 89' lang='lat' dir='ltr'>quaqua</span> <span class='ocrx_word' id='word_1_133' title='bbox 682 2096 789 2167; x_wconf 89' lang='lat' dir='ltr'>putent</span> <span class='ocrx_word' id='word_1_134' title='bbox 810 2088 993 2167; x_wconf 86' lang='lat' dir='ltr'>apostolicas.</span> <span class='ocrx_word' id='word_1_135' title='bbox 1036 2087 1094 2148; x_wconf 81' lang='lat' dir='ltr'>Sed</span> <span class='ocrx_word' id='word_1_136' title='bbox 1108 2087 1180 2146; x_wconf 90' lang='lat' dir='ltr'>adeo</span> 
     </span>
     <span class='ocr_line' id='line_1_20' title="bbox 176 2184 1180 2265; baseline 0 -23"><span class='ocrx_word' id='word_1_137' title='bbox 176 2205 230 2245; x_wconf 91' lang='lat' dir='ltr'>nec</span> <span class='ocrx_word' id='word_1_138' title='bbox 252 2190 330 2259; x_wconf 90' lang='lat' dir='ltr'>sunt,</span> <span class='ocrx_word' id='word_1_139' title='bbox 345 2206 398 2245; x_wconf 90' lang='lat' dir='ltr'>nec</span> <span class='ocrx_word' id='word_1_140' title='bbox 419 2186 542 2264; x_wconf 92' lang='lat' dir='ltr'>probare</span> <span class='ocrx_word' id='word_1_141' title='bbox 562 2193 686 2265; x_wconf 87' lang='lat' dir='ltr'>possunt</span> <span class='ocrx_word' id='word_1_142' title='bbox 707 2188 786 2265; x_wconf 88' lang='lat' dir='ltr'>quod</span> <span class='ocrx_word' id='word_1_143' title='bbox 806 2207 865 2246; x_wconf 93' lang='lat' dir='ltr'>non</span> <span class='ocrx_word' id='word_1_144' title='bbox 886 2192 974 2260; x_wconf 80' lang='lat' dir='ltr'>sunt3</span> <span class='ocrx_word' id='word_1_145' title='bbox 999 2207 1052 2246; x_wconf 91' lang='lat' dir='ltr'>nec</span> <span class='ocrx_word' id='word_1_146' title='bbox 1073 2184 1180 2262; x_wconf 87' lang='lat' dir='ltr'>recipi-</span> 
     </span>
     <span class='ocr_line' id='line_1_21' title="bbox 176 2283 1225 2363; baseline -0.002 -21"><span class='ocrx_word' id='word_1_147' title='bbox 176 2289 269 2343; x_wconf 91' lang='lat' dir='ltr'>untur</span> <span class='ocrx_word' id='word_1_148' title='bbox 292 2283 325 2342; x_wconf 89' lang='lat' dir='ltr'>in</span> <span class='ocrx_word' id='word_1_149' title='bbox 349 2305 448 2363; x_wconf 83' lang='lat' dir='ltr'>pacem</span> <span class='ocrx_word' id='word_1_150' title='bbox 472 2290 504 2345; x_wconf 88' lang='lat' dir='ltr'>et</span> <span class='ocrx_word' id='word_1_151' title='bbox 528 2285 821 2345; x_wconf 82' lang='lat' dir='ltr'>communicationem</span> <span class='ocrx_word' id='word_1_152' title='bbox 844 2286 882 2345; x_wconf 89' lang='lat' dir='ltr'>ab</span> <span class='ocrx_word' id='word_1_153' title='bbox 904 2284 1035 2345; x_wconf 87' lang='lat' dir='ltr'>ecelesiis</span> <span class='ocrx_word' id='word_1_154' title='bbox 1064 2303 1179 2363; x_wconf 92' lang='lat' dir='ltr'>quoquo</span> <span class='ocrx_word' id='word_1_155' title='bbox 1193 2305 1225 2340; x_wconf 79' lang='lat'>20</span> 
     </span>
     <span class='ocr_line' id='line_1_22' title="bbox 176 2382 1179 2462; baseline 0 -21"><span class='ocrx_word' id='word_1_156' title='bbox 176 2382 264 2442; x_wconf 91' lang='lat' dir='ltr'>modo</span> <span class='ocrx_word' id='word_1_157' title='bbox 285 2384 462 2462; x_wconf 87' lang='lat' dir='ltr'>apostolicis,</span> <span class='ocrx_word' id='word_1_158' title='bbox 484 2384 604 2459; x_wconf 89' lang='lat' dir='ltr'>scilicet,</span> <span class='ocrx_word' id='word_1_159' title='bbox 623 2385 660 2446; x_wconf 92' lang='lat' dir='ltr'>ob</span> <span class='ocrx_word' id='word_1_160' title='bbox 681 2385 881 2446; x_wconf 74' lang='lat' dir='ltr'>diversitatem</span> <span class='ocrx_word' id='word_1_161' title='bbox 902 2382 1077 2446; x_wconf 88' lang='lat' dir='ltr'>sacramenti</span> <span class='ocrx_word' id='word_1_162' title='bbox 1097 2383 1179 2442; x_wconf 90' lang='lat' dir='ltr'>nullo</span> 
     </span>
     <span class='ocr_line' id='line_1_23' title="bbox 174 2481 456 2561; baseline 0.014 -21"><span class='ocrx_word' id='word_1_163' title='bbox 174 2481 259 2541; x_wconf 90' lang='lat' dir='ltr'>modo</span> <span class='ocrx_word' id='word_1_164' title='bbox 273 2483 456 2561; x_wconf 87' lang='lat' dir='ltr'>apostolieae.</span> 
     </span>
    </p>
   </div>
   <div class='ocr_carea' id='block_1_3' title="bbox 525 2641 834 2704">
    <p class='ocr_par' dir='ltr' id='par_1_5' title="bbox 525 2641 834 2704">
     <span class='ocr_line' id='line_1_24' title="bbox 525 2641 834 2704; baseline 0.003 -2"><span class='ocrx_word' id='word_1_165' title='bbox 525 2641 663 2703; x_wconf 76' lang='lat' dir='ltr'><strong>CAPUT</strong></span> <span class='ocrx_word' id='word_1_166' title='bbox 684 2642 834 2704; x_wconf 86' lang='lat' dir='ltr'>XXXIII.</span> 
     </span>
    </p>
   </div>
   <div class='ocr_carea' id='block_1_4' title="bbox 175 2771 1181 2950">
    <p class='ocr_par' dir='ltr' id='par_1_6' title="bbox 175 2771 1181 2950">
     <span class='ocr_line' id='line_1_25' title="bbox 216 2771 1178 2853; baseline 0.001 -23"><span class='ocrx_word' id='word_1_167' title='bbox 216 2771 367 2832; x_wconf 72' lang='lat' dir='ltr'>Armeno</span> <span class='ocrx_word' id='word_1_168' title='bbox 386 2773 561 2852; x_wconf 83' lang='lat' dir='ltr'>superhaec</span> <span class='ocrx_word' id='word_1_169' title='bbox 578 2773 708 2853; x_wconf 88' lang='lat' dir='ltr'>ipsarum</span> <span class='ocrx_word' id='word_1_170' title='bbox 721 2774 921 2834; x_wconf 80' lang='lat' dir='ltr'>doctrinarum</span> <span class='ocrx_word' id='word_1_171' title='bbox 940 2772 1178 2851; x_wconf 83' lang='lat' dir='ltr'>recognitionem,</span> 
     </span>
     <span class='ocr_line' id='line_1_26' title="bbox 175 2871 1181 2950; baseline 0.003 -21"><span class='ocrx_word' id='word_1_172' title='bbox 175 2890 254 2947; x_wconf 87' lang='lat' dir='ltr'>quae</span> <span class='ocrx_word' id='word_1_173' title='bbox 277 2877 349 2929; x_wconf 90' lang='lat' dir='ltr'>tnnc</span> <span class='ocrx_word' id='word_1_174' title='bbox 377 2871 432 2930; x_wconf 86' lang='lat' dir='ltr'>eub</span> <span class='ocrx_word' id='word_1_175' title='bbox 460 2871 602 2950; x_wconf 88' lang='lat' dir='ltr'>apostolis</span> <span class='ocrx_word' id='word_1_176' title='bbox 630 2872 760 2944; x_wconf 88' lang='lat' dir='ltr'>fuerunt,</span> <span class='ocrx_word' id='word_1_177' title='bbox 789 2871 826 2931; x_wconf 89' lang='lat' dir='ltr'>ab</span> <span class='ocrx_word' id='word_1_178' title='bbox 858 2871 952 2931; x_wconf 89' lang='lat' dir='ltr'>isdem</span> <span class='ocrx_word' id='word_1_179' title='bbox 979 2871 1122 2950; x_wconf 86' lang='lat' dir='ltr'>apostolis</span> <span class='ocrx_word' id='word_1_180' title='bbox 1149 2880 1181 2932; x_wconf 91' lang='lat' dir='ltr'>et</span> 
     </span>
    </p>
   </div>
   <div class='ocr_carea' id='block_1_5' title="bbox 173 3015 1181 3869">
    <p class='ocr_par' dir='ltr' id='par_1_7' title="bbox 174 3015 1181 3318">
     <span class='ocr_line' id='line_1_27' title="bbox 174 3015 1179 3083; baseline 0.001 -16"><span class='ocrx_word' id='word_1_181' title='bbox 174 3017 223 3079; x_wconf 81' lang='grc' dir='ltr'>Τῆς</span> <span class='ocrx_word' id='word_1_182' title='bbox 239 3016 264 3067; x_wconf 81' lang='grc' dir='ltr'>δὲ</span> <span class='ocrx_word' id='word_1_183' title='bbox 282 3015 407 3079; x_wconf 73' lang='grc' dir='ltr'>Ῥωμαίων</span> <span class='ocrx_word' id='word_1_184' title='bbox 424 3017 555 3082; x_wconf 62' lang='grc' dir='ltr'>ἐκκλησίας</span> <span class='ocrx_word' id='word_1_185' title='bbox 573 3017 644 3068; x_wconf 70' lang='grc' dir='ltr'>Λίνος</span> <span class='ocrx_word' id='word_1_186' title='bbox 662 3018 708 3080; x_wconf 81' lang='grc' dir='ltr'>μὲν</span> <span class='ocrx_word' id='word_1_187' title='bbox 725 3020 740 3070; x_wconf 81' lang='lat' dir='ltr'>d</span> <span class='ocrx_word' id='word_1_188' title='bbox 759 3018 877 3068; x_wconf 76' lang='grc' dir='ltr'>Κλουδίος</span> <span class='ocrx_word' id='word_1_189' title='bbox 895 3018 987 3082; x_wconf 78' lang='grc' dir='ltr'>πρῶτος</span> <span class='ocrx_word' id='word_1_190' title='bbox 1005 3016 1052 3068; x_wconf 73' lang='grc' dir='ltr'>ὑπὸ</span> <span class='ocrx_word' id='word_1_191' title='bbox 1071 3016 1179 3083; x_wconf 77' lang='grc' dir='ltr'>Παύλου,</span> 
     </span>
     <span class='ocr_line' id='line_1_28' title="bbox 174 3094 1179 3163; baseline 0.002 -17"><span class='ocrx_word' id='word_1_192' title='bbox 174 3095 275 3159; x_wconf 79' lang='grc' dir='ltr'>Κλήμης</span> <span class='ocrx_word' id='word_1_193' title='bbox 286 3094 312 3145; x_wconf 78' lang='grc' dir='ltr'>δὲ</span> <span class='ocrx_word' id='word_1_194' title='bbox 323 3095 387 3156; x_wconf 78' lang='grc' dir='ltr'>μετὰ</span> <span class='ocrx_word' id='word_1_195' title='bbox 397 3094 442 3145; x_wconf 84' lang='grc' dir='ltr'>τὸν</span> <span class='ocrx_word' id='word_1_196' title='bbox 450 3095 524 3148; x_wconf 79' lang='grc' dir='ltr'>Λίνον</span> <span class='ocrx_word' id='word_1_197' title='bbox 533 3095 637 3147; x_wconf 78' lang='grc' dir='ltr'>θάνατον</span> <span class='ocrx_word' id='word_1_198' title='bbox 645 3098 683 3148; x_wconf 79' lang='grc' dir='ltr'>ὑπ’</span> <span class='ocrx_word' id='word_1_199' title='bbox 693 3099 752 3159; x_wconf 74' lang='grc' dir='ltr'>ἐμοῦ</span> <span class='ocrx_word' id='word_1_200' title='bbox 761 3097 856 3163; x_wconf 76' lang='grc' dir='ltr'>Πέτρου</span> <span class='ocrx_word' id='word_1_201' title='bbox 865 3097 974 3163; x_wconf 76' lang='grc' dir='ltr'>δεύτερος</span> <span class='ocrx_word' id='word_1_202' title='bbox 981 3096 1179 3162; x_wconf 74' lang='grc' dir='ltr'>κεχειροτόνηται</span> 
     </span>
     <span class='ocr_line' id='line_1_29' title="bbox 175 3173 1181 3242; baseline 0.003 -18"><span class='ocrx_word' id='word_1_203' title='bbox 175 3173 335 3241; x_wconf 53' lang='lat' dir='ltr'>[aaronem]</span> <span class='ocrx_word' id='word_1_204' title='bbox 369 3175 465 3225; x_wconf 76' lang='lat' dir='ltr'>Onthe</span> <span class='ocrx_word' id='word_1_205' title='bbox 477 3176 557 3226; x_wconf 86' lang='lat' dir='ltr'>whole</span> <span class='ocrx_word' id='word_1_206' title='bbox 571 3176 669 3242; x_wconf 76' lang='lat' dir='ltr'>subject</span> <span class='ocrx_word' id='word_1_207' title='bbox 680 3178 709 3227; x_wconf 85' lang='lat' dir='ltr'>of</span> <span class='ocrx_word' id='word_1_208' title='bbox 723 3177 767 3227; x_wconf 88' lang='lat' dir='ltr'>the</span> <span class='ocrx_word' id='word_1_209' title='bbox 781 3178 853 3242; x_wconf 84' lang='lat' dir='ltr'>early</span> <span class='ocrx_word' id='word_1_210' title='bbox 864 3178 964 3227; x_wconf 80' lang='lat' dir='ltr'>Roman</span> <span class='ocrx_word' id='word_1_211' title='bbox 979 3178 1125 3239; x_wconf 71' lang='lat' dir='ltr'>successim,</span> <span class='ocrx_word' id='word_1_212' title='bbox 1139 3193 1181 3227; x_wconf 86' lang='lat' dir='ltr'>see</span> 
     </span>
     <span class='ocr_line' id='line_1_30' title="bbox 174 3253 505 3318; baseline 0.015 -17"><span class='ocrx_word' id='word_1_213' title='bbox 174 3253 312 3318; x_wconf 77' lang='lat' dir='ltr'>Lightioot,</span> <span class='ocrx_word' id='word_1_214' title='bbox 325 3270 350 3304; x_wconf 81' lang='grc' dir='ltr'>κ.</span> <span class='ocrx_word' id='word_1_215' title='bbox 358 3270 377 3305; x_wconf 80' lang='lat' dir='ltr'>a.</span> <span class='ocrx_word' id='word_1_216' title='bbox 389 3255 406 3305; x_wconf 88' lang='lat' dir='ltr'>i.</span> <span class='ocrx_word' id='word_1_217' title='bbox 419 3268 465 3304; x_wconf 78' lang='lat'>201</span> <span class='ocrx_word' id='word_1_218' title='bbox 478 3255 505 3306; x_wconf 81' lang='lat' dir='ltr'>ff.</span> 
     </span>
    </p>

    <p class='ocr_par' dir='ltr' id='par_1_8' title="bbox 209 3333 636 3398">
     <span class='ocr_line' id='line_1_31' title="bbox 209 3333 636 3398; baseline 0.012 -17"><span class='ocrx_word' id='word_1_219' title='bbox 209 3349 232 3398; x_wconf 77' lang='lat'>3.</span> <span class='ocrx_word' id='word_1_220' title='bbox 249 3336 395 3383; x_wconf 85' lang='lat' dir='ltr'>traduces:</span> <span class='ocrx_word' id='word_1_221' title='bbox 412 3349 454 3383; x_wconf 85' lang='lat' dir='ltr'>see</span> <span class='ocrx_word' id='word_1_222' title='bbox 464 3339 532 3396; x_wconf 87' lang='lat' dir='ltr'>note,</span> <span class='ocrx_word' id='word_1_223' title='bbox 543 3333 583 3386; x_wconf 89' lang='lat' dir='ltr'>ch.</span> <span class='ocrx_word' id='word_1_224' title='bbox 597 3348 636 3386; x_wconf 82' lang='lat'>20.</span> 
     </span>
    </p>

    <p class='ocr_par' dir='ltr' id='par_1_9' title="bbox 211 3413 1180 3479">
     <span class='ocr_line' id='line_1_32' title="bbox 211 3413 1180 3479; baseline 0.003 -19"><span class='ocrx_word' id='word_1_225' title='bbox 211 3424 250 3462; x_wconf 86' lang='lat'>11.</span> <span class='ocrx_word' id='word_1_226' title='bbox 268 3414 439 3463; x_wconf 80' lang='lat' dir='ltr'>didicerunt.</span> <span class='ocrx_word' id='word_1_227' title='bbox 464 3413 589 3476; x_wconf 72' lang='lat' dir='ltr'>Sodyod,</span> <span class='ocrx_word' id='word_1_228' title='bbox 600 3414 672 3479; x_wconf 64' lang='grc' dir='ltr'>Βίης</span> <span class='ocrx_word' id='word_1_229' title='bbox 684 3413 858 3476; x_wconf 77' lang='lat' dir='ltr'>discesserunt,</span> <span class='ocrx_word' id='word_1_230' title='bbox 870 3413 959 3464; x_wconf 74' lang='lat' dir='ltr'>ctera:</span> <span class='ocrx_word' id='word_1_231' title='bbox 971 3413 1129 3463; x_wconf 86' lang='lat' dir='ltr'>desciverunt</span> <span class='ocrx_word' id='word_1_232' title='bbox 1135 3413 1180 3463; x_wconf 83' lang='lat' dir='ltr'>rel.</span> 
     </span>
    </p>

    <p class='ocr_par' dir='ltr' id='par_1_10' title="bbox 210 3491 624 3554">
     <span class='ocr_line' id='line_1_33' title="bbox 210 3491 624 3554; baseline 0.007 -17"><span class='ocrx_word' id='word_1_233' title='bbox 210 3502 248 3554; x_wconf 76' lang='lat'>14.</span> <span class='ocrx_word' id='word_1_234' title='bbox 264 3492 401 3548; x_wconf 83' lang='lat' dir='ltr'>denique:</span> <span class='ocrx_word' id='word_1_235' title='bbox 419 3506 461 3540; x_wconf 84' lang='lat' dir='ltr'>see</span> <span class='ocrx_word' id='word_1_236' title='bbox 471 3496 538 3552; x_wconf 86' lang='lat' dir='ltr'>note,</span> <span class='ocrx_word' id='word_1_237' title='bbox 548 3491 588 3540; x_wconf 92' lang='lat' dir='ltr'>ch.</span> <span class='ocrx_word' id='word_1_238' title='bbox 601 3505 624 3541; x_wconf 80' lang='lat' dir='ltr'>a.</span> 
     </span>
    </p>

    <p class='ocr_par' dir='ltr' id='par_1_11' title="bbox 173 3567 1180 3696">
     <span class='ocr_line' id='line_1_34' title="bbox 211 3567 1180 3635; baseline 0.001 -19"><span class='ocrx_word' id='word_1_239' title='bbox 211 3577 250 3631; x_wconf 85' lang='lat'>17.</span> <span class='ocrx_word' id='word_1_240' title='bbox 268 3571 306 3617; x_wconf 85' lang='lat' dir='ltr'>ed</span> <span class='ocrx_word' id='word_1_241' title='bbox 316 3573 465 3627; x_wconf 77' lang='lat' dir='ltr'>utramque</span> <span class='ocrx_word' id='word_1_242' title='bbox 480 3572 609 3632; x_wconf 74' lang='lat' dir='ltr'>formem,</span> <span class='ocrx_word' id='word_1_243' title='bbox 625 3569 669 3621; x_wconf 82' lang='lat' dir='ltr'>ie.</span> <span class='ocrx_word' id='word_1_244' title='bbox 685 3569 815 3635; x_wconf 85' lang='lat' dir='ltr'>Apostolic</span> <span class='ocrx_word' id='word_1_245' title='bbox 828 3569 967 3620; x_wconf 86' lang='lat' dir='ltr'>succession</span> <span class='ocrx_word' id='word_1_246' title='bbox 983 3569 1034 3619; x_wconf 84' lang='lat' dir='ltr'>and</span> <span class='ocrx_word' id='word_1_247' title='bbox 1047 3567 1180 3634; x_wconf 86' lang='lat' dir='ltr'>Apostolic</span> 
     </span>
     <span class='ocr_line' id='line_1_35' title="bbox 173 3645 294 3696; baseline 0 0"><span class='ocrx_word' id='word_1_248' title='bbox 173 3645 294 3696; x_wconf 84' lang='lat' dir='ltr'>doctrine.</span> 
     </span>
    </p>

    <p class='ocr_par' dir='ltr' id='par_1_12' title="bbox 210 3726 847 3791">
     <span class='ocr_line' id='line_1_36' title="bbox 210 3726 847 3791; baseline 0.008 -18"><span class='ocrx_word' id='word_1_249' title='bbox 210 3738 248 3789; x_wconf 89' lang='lat'>19.</span> <span class='ocrx_word' id='word_1_250' title='bbox 265 3727 443 3784; x_wconf 79' lang='lat' dir='ltr'>recipiuntur</span> <span class='ocrx_word' id='word_1_251' title='bbox 453 3728 485 3775; x_wconf 81' lang='lat' dir='ltr'>tn</span> <span class='ocrx_word' id='word_1_252' title='bbox 494 3741 607 3785; x_wconf 78' lang='lat' dir='ltr'>pacem:</span> <span class='ocrx_word' id='word_1_253' title='bbox 624 3742 666 3776; x_wconf 87' lang='lat' dir='ltr'>see</span> <span class='ocrx_word' id='word_1_254' title='bbox 675 3730 744 3789; x_wconf 91' lang='lat' dir='ltr'>note,</span> <span class='ocrx_word' id='word_1_255' title='bbox 755 3726 794 3777; x_wconf 87' lang='lat' dir='ltr'>eh.</span> <span class='ocrx_word' id='word_1_256' title='bbox 807 3742 847 3791; x_wconf 79' lang='lat'>30.</span> 
     </span>
    </p>

    <p class='ocr_par' dir='ltr' id='par_1_13' title="bbox 210 3804 851 3869">
     <span class='ocr_line' id='line_1_37' title="bbox 210 3804 851 3869; baseline 0.006 -17"><span class='ocrx_word' id='word_1_257' title='bbox 210 3817 249 3854; x_wconf 74' lang='grc' dir='ltr'>οι.</span> <span class='ocrx_word' id='word_1_258' title='bbox 266 3807 443 3863; x_wconf 78' lang='lat' dir='ltr'>sacramenti,</span> <span class='ocrx_word' id='word_1_259' title='bbox 455 3804 611 3857; x_wconf 77' lang='lat' dir='ltr'>‘doctrine’z</span> <span class='ocrx_word' id='word_1_260' title='bbox 629 3821 671 3856; x_wconf 83' lang='lat' dir='ltr'>ece</span> <span class='ocrx_word' id='word_1_261' title='bbox 680 3811 749 3869; x_wconf 84' lang='lat' dir='ltr'>note,</span> <span class='ocrx_word' id='word_1_262' title='bbox 759 3807 798 3856; x_wconf 91' lang='lat' dir='ltr'>ch.</span> <span class='ocrx_word' id='word_1_263' title='bbox 812 3819 851 3856; x_wconf 82' lang='lat'>20.</span> 
     </span>
    </p>
   </div>
   <div class='ocr_carea' id='block_1_6' title="bbox 0 0 1388 4358">
    <p class='ocr_par' dir='ltr' id='par_1_14' title="bbox 0 0 1388 4358">
     <span class='ocr_line' id='line_1_38' title="bbox 0 0 1388 4358; baseline 0 0"><span class='ocrx_word' id='word_1_264' title='bbox 0 0 1388 4358; x_wconf 95' lang='lat' dir='ltr'> </span> 
     </span>
    </p>
   </div>
  </div>
 </body>
</html>
