2768 4358
173 283 233 333 cn.
249 273 306 340 Ν]
378 263 418 330 de
438 264 700 349 Praescriptrbne
721 265 983 332 Haereticorum.
1137 283 1180 350 33

572 635 707 696 CAPUT
727 636 783 698 IV.

217 809 303 885 Qum
322 808 424 887 potius
446 829 588 870 memores
613 808 705 871 simus
728 815 789 869 tam
814 809 1025 870 dominicarum
1050 830 1179 889 pronun-

175 909 333 970 tiationum
360 929 449 986 quam
476 908 702 986 apostolicarum
729 909 907 980 litterarum,
936 929 1010 987 quae
1038 908 1122 968 nobis
1150 917 1180 968 et

175 1008 293 1067 futuras
307 1007 440 1067 haereses
453 1007 739 1085 praenuntiaverunt
749 1012 780 1066 et
790 1007 947 1085 fugiendas
957 1007 1178 1085 praefinierunt,

176 1110 207 1166 et
221 1105 299 1165 sicut
313 1125 374 1165 esse
388 1105 456 1164 illas
475 1125 535 1164 non
554 1105 779 1183 expavescimus,
794 1105 837 1164 ita
855 1111 886 1165 et
904 1126 989 1183 posse
1005 1106 1046 1177 id,
1061 1109 1181 1183 propter

177 1204 257 1282 quod
284 1203 464 1281 effugiendae
495 1209 571 1276 sunt,
600 1224 658 1263 non
686 1204 836 1263 miremur.
878 1204 1007 1264 Instruit
1038 1203 1208 1274 Dominus5

177 1303 288 1362 multos
316 1322 377 1362 esse
404 1307 545 1362 venturos
573 1303 626 1363 sub
655 1302 783 1379 pellibus
811 1301 910 1362 ovium
941 1322 1059 1380 rapaces
1085 1303 1180 1379 lupos.

179 1401 331 1476 Quaenam
351 1401 426 1460 istae
446 1407 517 1460 sunt
537 1400 628 1478 pelles
653 1400 760 1473 ovium,
785 1399 845 1460 nisi
868 1399 994 1459 nominis
1019 1400 1181 1461 Christiani

179 1500 359 1560 extrinsecus
383 1498 572 1576 superficiesl
614 1497 674 1574 Qui
698 1499 761 1577 lupi
790 1519 919 1576 rapaces,
945 1498 1001 1558 nisi
1026 1519 1127 1558 sensus
1151 1503 1182 1558 et

179 1597 302 1676 spiritus
322 1597 444 1670 subdoli,
462 1596 500 1656 ad
517 1597 717 1657 infestandum
736 1617 854 1675 gregem
874 1597 987 1656 Ohristi
1006 1597 1181 1657 intrinsecus
1229 1599 1231 1602 ’

179 1696 403 1756 delitescentes?
445 1695 504 1769 Qui
522 1696 792 1773 pseudoprophetae
811 1700 890 1768 sunt,
905 1695 964 1755 nisi
981 1695 1049 1755 falsi
1065 1695 1181 1773 praedi·
1197 1711 1227 1746 10

179 1797 314 1855 catoresl
355 1793 415 1869 Qui
433 1794 681 1873 pseudoapostoli,
696 1794 755 1854 nisi
773 1794 900 1855 adulteri
915 1793 1181 1870 evangelizatores?

180 1893 241 1968 Qui
267 1892 434 1952 antichristi
461 1893 580 1952 interim
607 1898 637 1952 et
665 1913 786 1971 semper,
813 1892 1012 1952 nisi'Ohristi
1039 1894 1182 1952 rebellesl

182 1992 247 2051 Hoc
276 1997 346 2051 sunt
376 1991 508 2050 haereses
540 2012 599 2050 non
629 1991 726 2051 minus
759 1991 959 2052 doctrinarum
990 1991 1182 2069 perversitate

180 2089 329 2152 eeclesiam
348 2091 526 2163 lacessentes,
542 2110 630 2167 quam
648 2095 719 2149 tunc
736 2089 929 2149 antichristus
945 2090 1182 2168 persecutionum

180 2189 332 2249 atrocitate
356 2194 566 2266 persequetur:
598 2188 656 2247 nisi
680 2188 760 2266 quod
787 2187 952 2266 persecutio
979 2196 1010 2248 et
1036 2196 1181 2264 martyras
1196 2212 1226 2262 15

180 2287 261 2358 facit,
281 2286 408 2346 haeresis
432 2291 579 2364 apostatas
602 2292 727 2346 tantum.
767 2287 809 2346 Et
830 2287 895 2346 ideo
914 2287 1047 2347 haereses
1068 2308 1181 2365 quoque

180 2385 335 2464 oportebat
357 2404 427 2457 esse,
449 2391 484 2446 ut
507 2385 673 2463 probabiles
696 2386 807 2464 quique
828 2384 1095 2458 manifestarentur,
1118 2391 1182 2446 tarn

181 2485 233 2564 qui
251 2484 283 2543 in
302 2483 554 2563 persecutionibus
573 2485 719 2556 steterint,
736 2505 824 2563 quem
843 2484 895 2563 qui
914 2483 1102 2544 adhaeresce
1123 2505 1183 2544 non

215 2658 413 2711 cmm-8.
431 2660 602 2715 superficies.
637 2653 1003 2721 ‘Theoutwsrdproiession’:
1021 2674 1049 2707 so
1056 2657 1129 2724 Apol.
1137 2657 1182 2721 463

181 2738 229 2787 bnt
238 2737 382 2787 Tertullian
398 2751 456 2786 uses
470 2735 522 2785 this
535 2735 605 2785 word
621 2735 683 2784 wilh
700 2736 871 2786 considerable
887 2736 996 2785 latitudo
1011 2737 1039 2785 of
1047 2737 1180 2801 meaning:

181 2831 202 2866 e.
212 2833 237 2881 g.
249 2815 325 2879 Apol.
342 2815 371 2864 16
381 2835 390 2875 ς
417 2815 452 2865 ecl
469 2818 523 2865 not.
541 2815 557 2862 i.
572 2813 762 2879 11=‘oaput';
787 2813 819 2864 de
836 2815 896 2866 cult.
908 2816 975 2880 seru.
988 2815 1015 2864 ii.
1029 2829 1051 2877 1,
1066 2818 1182 2878 23a‘en

181 2909 262 2958 upper
272 2898 388 2958 garmeni
397 2891 417 2952 ';
434 2894 492 2943 cdo.
510 2893 566 2943 Val.
581 2891 795 2956 24=‘corering.’

217 2985 255 3021 11.
267 2974 391 3022 adulteri
401 2974 648 3032 evangelizatores,
658 2973 666 2998 ⁴
676 2973 790 3034 spurious
799 2969 992 3036 evangelizare'3
1003 2972 1106 3022 adulter
1113 2987 1182 3021 asan

181 3049 309 3114 adjective
324 3049 394 3099 often
409 3049 483 3099 bears
501 3048 552 3099 this
570 3049 670 3114 passive
689 3065 760 3099 sense
778 3050 806 3098 of
820 3048 1001 3110 ‘eonntnseit'
1015 3049 1123 3100 ‘false':
1141 3066 1182 3099 see

183 3128 302 3194 cyprian,
320 3129 403 3193 Epist.
419 3141 451 3192 45
472 3127 631 3178 ‘adulterum
648 3134 677 3177 et
695 3130 849 3177 contrarium
869 3132 946 3192 caput
964 3133 1036 3177 extra
1052 3129 1182 3178 ecclesiam

182 3205 257 3257 feeit’
270 3206 307 3270 (ol
322 3223 339 3255 a
358 3205 500 3255 schismatic
516 3205 637 3270 bishop):
659 3222 687 3256 so
706 3206 734 3255 of
750 3206 815 3266 coin,
835 3207 896 3256 Oocl.
914 3206 1032 3256 Tbeodos.
1050 3208 1083 3256 ix.
1099 3221 1137 3256 22.
1152 3220 1181 3262 ις

183 3285 261 3350 Apul
274 3286 380 3335 Melam.
392 3301 416 3335 x.
430 3299 460 3348 9;
477 3284 529 3333 end
540 3284 568 3333 of
577 3284 688 3349 legende,
700 3284 795 3333 Arnob.
807 3301 832 3335 r.
847 3285 888 3346 36.
922 3285 1007 3349 Oomp.
1017 3285 1105 3347 below,
1113 3284 1152 3336 ch
1165 3284 1181 3334 6

185 3364 330 3414 ‘adulterae
341 3363 468 3413 doctrinae
477 3359 501 3421 ’3
518 3362 557 3413 ch.
573 3372 601 3426 17
614 3362 730 3412 ‘adulter
741 3362 843 3412 sensus'
855 3362 884 3412 ol
892 3379 909 3413 s
918 3364 982 3413 false
993 3364 1112 3429 exegesis.

219 3455 257 3491 12.
275 3445 399 3503 interim,
415 3439 558 3500 ‘hitherto'
569 3444 577 3469 ⁴
584 3439 671 3490 now':
689 3457 768 3504 comp.
781 3447 849 3500 note,
860 3441 899 3492 oh.
912 3456 951 3493 πο.

219 3534 257 3582 13.
277 3525 350 3581 Hoc,
361 3520 409 3570 i.e.
423 3519 497 3570 ‘Hoc
508 3517 635 3584 tempore,'
647 3520 754 3584 opposed
765 3525 792 3569 to
805 3518 897 3569 ‘tuna'

219 3613 257 3663 15.
273 3601 341 3659 nisi,
354 3597 429 3662 ‘only
440 3598 513 3646 there
524 3598 547 3647 is
558 3597 610 3646 this
620 3597 755 3646 difference
763 3597 786 3648 ':
804 3613 846 3647 see
856 3602 924 3654 note,
936 3597 976 3647 ch.
990 3611 1014 3650 e.

249 3682 396 3734 martyras.
430 3677 571 3727 Tertullian
594 3675 665 3726 oben
686 3677 780 3740 prefers
796 3681 823 3725 to
839 3677 923 3725 retain
939 3677 989 3726 and
1011 3675 1182 3725 transliterate

183 3755 268 3806 Greek
288 3754 418 3804 inflexione
437 3755 465 3803 in
482 3755 563 3804 words
580 3755 684 3804 derived
703 3755 767 3803 from
786 3754 831 3804 the
841 3756 943 3806 Greek:
961 3771 984 3806 e.
992 3771 1016 3820 g.
1033 3748 1182 3817 ‘haeresin'

185 3833 280 3890 below3
299 3830 428 3898 ‘agapem’
440 3832 476 3882 ad
485 3836 562 3883 morl.
575 3846 588 3882 e
599 3848 606 3895 ς
624 3830 742 3894 ‘eremo,'
753 3833 783 3882 de
793 3832 856 3884 idol.
869 3845 893 3897 5.

673 3933 695 3976 1)
