2768 4358
173 242 234 291 cia.
250 234 322 301 xit]
379 225 419 292 dc
438 226 699 309 Praescriptione
720 224 981 292 Haeretz'corum.
1134 237 1178 309 55

172 396 285 458 tradita
305 397 467 476 disciplina,
480 417 540 477 qua
563 397 640 458 fiunt
662 397 835 458 Christiani.
876 397 938 458 Ubi
959 396 1037 457 enim
1054 416 1179 476 apparu·

172 496 231 557 erit
250 515 313 556 esso
333 496 488 557 veritatem
508 496 681 576 disciplinae
700 506 730 557 et
748 495 817 557 fidei
831 496 1025 568 Christianae,
1040 496 1102 554 illic
1120 495 1179 555 erit

173 595 285 655 veritas
298 594 521 674 scripturarum,
531 601 562 656 et
572 595 795 674 expositionum,
806 601 836 656 et
847 595 976 655 omnium
984 594 1179 655 traditionum

561 842 697 904 CAPUT
718 844 784 903 XX.

214 990 375 1052 omnus
389 991 483 1051 Issus
496 992 641 1052 Dominus
654 998 760 1064 noster,
771 991 925 1070 permittat
938 990 1035 1052 dicere
1048 990 1177 1065 interim,
1192 1022 1206 1072 5

173 1089 308 1169 quisquis
323 1095 378 1157 est,
394 1089 604 1168 cuiuscumque
627 1090 684 1150 Dei
707 1088 794 1164 filius,
813 1089 1022 1168 cuiuscumque
1039 1089 1179 1149 materiae

90 1268 95 1277 ι
172 1189 311 1249 homost
332 1189 423 1262 Deus,
447 1188 657 1267 cuiuscumque
676 1187 746 1249 fidei
765 1196 946 1267 praeceptor,
970 1189 1179 1266 cuiuscumque

173 1288 315 1348 mercedis
339 1285 536 1365 repromissor,
551 1287 624 1365 quid
645 1291 731 1360 esset,
745 1287 818 1366 quid
840 1288 950 1362 suisset,
971 1309 1060 1365 quam
1082 1288 1179 1347 Patris

172 1386 355 1447 voluntatem
365 1384 593 1458 administraret,
602 1386 675 1464 quid
684 1386 794 1445 homini
804 1387 949 1463 agendum
959 1386 1178 1458 determinaret,

173 1476 314 1564 qdamdiu
341 1485 374 1543 in
397 1484 486 1543 terris
509 1485 624 1561 agebat,
649 1484 714 1564 ipse
741 1485 954 1564 pronuntiabat
978 1487 1041 1546 sive
1069 1486 1178 1563 populo
1194 1504 1225 1540 10

172 1584 280 1661 palam,
295 1583 357 1643 sive
370 1582 557 1643 discentibus
578 1604 716 1656 seorsum,
732 1604 769 1643 ex
790 1583 898 1662 quibus
919 1584 1073 1644 duodecim
1093 1604 1178 1662 prae·

173 1682 276 1761 cipuos
296 1681 383 1742 lateri
404 1702 457 1743 suo
471 1681 630 1761 adlegerat,
646 1682 808 1742 destinatos
826 1683 996 1743 nationibus
1014 1684 1178 1760 magistros.

172 1781 281 1859 Itaque
301 1801 361 1841 uno
382 1800 482 1840 eorum
503 1780 631 1855 decusso,
651 1781 778 1860 reliquos
795 1782 930 1841 undecim
951 1782 1120 1859 digrediens
1141 1783 1179 1840 ad

173 1879 292 1940 Patrem
314 1884 382 1957 post
405 1879 648 1939 resurrectionem
676 1881 761 1940 iussit
786 1881 829 1939 ire
853 1886 884 1940 et
908 1881 1011 1941 docere
1036 1881 1177 1952 nationes,

172 1978 330 2057 tingendas
343 1979 376 2037 in
390 1978 515 2051 Patrem,
526 1983 558 2038 et
571 1979 603 2037 in
616 1979 736 2052 Filium,
751 1986 782 2039 ct
796 1979 828 2038 in
843 1978 990 2056 Spiritum
1004 1978 1153 2039 Sanctum.
1193 2005 1222 2057 15

215 2077 325 2137 Statim
337 2076 430 2154 igitur
450 2077 582 2154 apostoli,
597 2097 670 2155 quos
689 2077 760 2137 haec
780 2078 941 2156 appellatio
962 2078 1064 2137 missos
1085 2079 1177 2137 inter-

172 2180 317 2261 pretatur,
330 2181 480 2254 assumpto
500 2195 554 2252 per
574 2182 683 2237 sortem
704 2177 875 2236 duodecimo
896 2176 1010 2237 Mathia
1030 2176 1178 2236 inlocum

172 2275 275 2348 Iudae,
289 2296 327 2335 ex
343 2275 522 2335 auctoritate
540 2276 722 2354 prophetiae,
736 2282 871 2354 quaeest
893 2275 924 2335 iu
943 2277 1055 2353 psalmo
1069 2276 1176 2349 David,

173 2373 322 2434 consecuti
352 2374 524 2452 promissam
550 2374 612 2433 vim
640 2373 770 2453 Spiritus
792 2374 895 2434 Sancti
922 2375 959 2433 ad
986 2375 1114 2434 virtutes
1146 2380 1177 2435 et

208 2543 230 2579 1.
247 2531 407 2587 disciplina
431 2529 478 2579 See
488 2536 557 2590 note,
568 2530 608 2580 cb.
619 2528 644 2580 6.

206 2608 289 2658 um.
300 2607 421 2671 XX.-5·
438 2610 570 2658 christus
587 2612 677 2658 Iesus.
709 2608 853 2658 Tertullian
868 2608 974 2659 brushas
990 2607 1060 2658 asida
1078 2607 1117 2657 ior
1133 2609 1178 2658 the

172 2691 286 2737 moment
303 2685 340 2735 all
359 2684 528 2749 speculatione
545 2686 574 2736 of
589 2687 685 2752 berasy,
700 2686 751 2737 and
767 2693 938 2737 conoentrates
954 2687 1081 2737 attention
1097 2686 1178 2747 solely

173 2780 242 2829 upon
252 2765 297 2814 the
308 2764 369 2813 bare
381 2764 510 2814 historical
526 2764 579 2815 fact
594 2765 624 2815 of
636 2767 681 2815 tbc
697 2766 818 2830 practical
834 2766 954 2829 teacbing
971 2765 999 2815 of
1012 2765 1056 2815 the
1072 2765 1177 2814 historio

172 2841 270 2891 Person
280 2840 356 2891 Jesus
367 2841 461 2891 Christ.

239 2922 363 2979 interim,
377 2918 432 2968 ‘for
447 2920 492 2969 the
507 2919 635 2983 mumant,’
648 2922 703 2970 ‘for
716 2921 761 2970 the
775 2921 836 2970 sake
852 2923 881 2972 of
894 2917 1042 2986 argument!
1075 2919 1138 2969 Thia
1155 2919 1178 2969 is

172 2996 335 3049 Tertullian's
350 2998 455 3062 general
471 3014 516 3047 use
526 2999 554 3047 oi
562 2999 712 3056 ‘interim';
728 3017 769 3049 see
783 3001 834 3050 chs.
849 3015 873 3064 9,
888 3014 928 3063 14,
942 3014 988 3061 ²²3
1004 2998 1079 3063 Apol.
1091 3000 1114 3060 8,
1130 3011 1176 3057 213

173 3076 206 3125 da
216 3092 300 3126 coroa.
314 3076 345 3136 83
361 3091 440 3140 comp.
447 3076 514 3124 Min
523 3077 577 3128 Fel.
592 3086 615 3140 7,
630 3077 666 3126 16.
700 3078 799 3138 Above,
809 3078 848 3129 ch.
857 3093 883 3142 4,
894 3078 957 3128 it=‘
965 3075 1049 3138 uunc,’
1061 3075 1175 3126 ‘adbuc’

209 3167 247 3204 ιι.
263 3154 445 3205 discentibus.
479 3153 527 3203 Sea
537 3159 606 3216 note,
617 3155 657 3206 ch.
667 3169 690 3218 3.

208 3246 247 3297 14
264 3235 307 3282 ire
318 3237 348 3282 et
357 3235 468 3283 docere.
500 3232 526 3281 S
538 3232 617 3282 Matt
628 3233 716 3283 xxviii.
730 3247 768 3298 19.

209 3324 248 3374 15.
263 3314 421 3368 tingendas.
451 3310 499 3359 See
509 3316 576 3368 note,
586 3311 625 3362 ch.
638 3312 660 3361 8.

207 3390 246 3439 18.
265 3392 439 3447 prophetiae.
474 3388 536 3437 Thia
551 3389 621 3439 word
636 3389 688 3438 and
703 3389 738 3438 its
752 3394 870 3454 cognatas
887 3405 953 3439 ware
969 3390 1041 3454 carly
1050 3388 1176 3454 imported

172 3466 238 3517 from
248 3467 294 3516 tha
304 3467 389 3516 Greek
400 3472 428 3516 to
438 3467 489 3516 suit
500 3467 545 3516 the
555 3467 738 3531 requiramenta
752 3468 781 3518 of
793 3467 972 3518 ecclesiastical
986 3468 1077 3525 Iatin3
1094 3483 1174 3530 comp.

172 3546 299 3596 decaron.
313 3559 343 3605 13
358 3545 432 3610 Apol.
446 3558 476 3610 19
487 3544 567 3610 ως
583 3547 616 3595 dc
631 3547 709 3595 usim.
726 3561 757 3610 35
767 3563 775 3609 ;
791 3547 823 3597 de
837 3549 978 3610 aa.3,17;
995 3548 1025 3597 de
1041 3559 1091 3597 res.
1102 3561 1173 3594 cam.

174 3638 223 3686 215
239 3625 297 3674 adv.
309 3625 369 3673 Iud.
381 3638 405 3688 9.

239 3704 342 3751 David
375 3701 418 3751 Pa
428 3701 477 3753 cix.
490 3702 522 3762 83
537 3702 630 3751 Actsi.
644 3717 683 3754 πο.

207 3793 246 3846 19.
262 3783 392 3831 virtutes.
425 3780 601 3843 Secretach.
616 3795 654 3845 13.
