2768 4358
156 266 216 315 οη.
230 257 297 323 xm]
354 248 393 312 de
414 247 677 330 Praescriptione
698 245 958 310 Haereticorum.
1114 245 1155 326 89

153 420 268 480 tonario
292 441 328 479 ex
349 419 451 479 multis
472 418 540 479 hinc
564 418 633 478 inde
658 418 824 496 compositis
846 417 879 476 in
906 438 999 476 unum
1027 416 1157 477 sarciunt

154 540 268 598 corpus.
310 519 350 577 Et
364 518 467 595 utique
478 517 628 577 fecundior
639 516 739 576 divine
750 516 920 576 litteratura
933 516 972 575 ad
985 515 1156 575 facultatem

155 619 294 695 cuiusque
309 618 454 677 materiae.
496 617 559 676 Nec
573 616 724 695 periclitor
737 615 833 675 dicere
847 616 925 692 ipsas
936 633 1051 693 quoque
1066 614 1157 692 scrip·

154 722 238 776 turos
252 716 294 776 sic
309 737 371 776 esse
385 737 422 776 ex
436 715 492 775 Dei
506 716 658 775 voluntate
672 714 829 792 dispositas
843 719 879 772 ut
897 712 1051 773 haereticis
1065 718 1157 773 mate·

155 815 214 875 ries
229 815 504 888 subministrarent3
526 834 593 873 cum
606 814 701 891 legam
712 819 846 890 oportere
855 812 987 872 haereses
998 831 1068 886 esse,
1081 833 1156 891 quae
1170 829 1185 881 s

155 914 217 975 sine
232 913 387 992 scripturis
401 934 462 973 esse
476 934 535 972 non
548 916 678 991 possunt.

543 1217 677 1279 CAPUT
699 1218 761 1278 XL.
846 1204 848 1209 ⁵

197 1380 364 1448 Snounrnn
382 1403 401 1441 a
422 1401 479 1459 quo
497 1381 664 1441 intellectus
681 1381 891 1459 interpretetur
907 1403 1008 1442 eorum
1029 1402 1103 1460 quae
1119 1379 1157 1440 ad

155 1479 288 1539 haereses
301 1480 431 1539 faciantl
472 1479 501 1538 A
516 1480 631 1539 diabolo
645 1480 763 1552 scilicet,
776 1480 857 1539 cuius
872 1487 941 1540 sunt
954 1489 1053 1559 partes
1067 1481 1156 1539 inter·

155 1578 290 1637 vertendi
317 1578 481 1650 veritatem,
507 1578 560 1655 qui
587 1576 665 1655 ipsas
693 1597 807 1655 quoque
836 1598 883 1637 res
910 1583 1156 1638 sacramentorum

156 1676 323 1735 divinorum
345 1676 490 1736 idolorum
518 1676 665 1752 mysteriis
692 1677 866 1737 comidetur.
908 1676 1009 1755 Tingit
1037 1682 1067 1736 et
1094 1677 1156 1754 ipse
1172 1699 1202 1733 10

156 1774 306 1852 quosdam,
331 1775 435 1853 utique
463 1775 613 1835 credentes
640 1781 671 1834 et
697 1775 798 1835 fideles
827 1797 895 1835 suos
906 1796 915 1850 3
947 1775 1156 1854 expositionem

156 1873 327 1933 delictorum
355 1875 391 1933 de
419 1874 535 1934 lavacro
562 1873 763 1951 repromittit3
794 1879 824 1934 et
852 1874 877 1934 si
905 1875 1000 1933 adhuc
1027 1873 1156 1944 memini,

191 2091 214 2141 5.
233 2083 362 2135 oportere
374 2081 505 2127 haereses
518 2092 587 2127 esse.
623 2091 634 2126 1
648 2078 704 2126 Gor.
716 2079 749 2127 xi.
764 2092 802 2143 19.

189 2157 264 2205 Gnir
275 2155 389 2219 XL.-7.
409 2159 557 2213 sequetur.
590 2154 623 2205 So
635 2155 719 2219 Ayob„
734 2156 793 2220 sip.
829 2157 880 2207 Sed
891 2156 1022 2221 quaeritur
1033 2156 1078 2206 rel.

222 2236 433 2290 interpretetur.
468 2234 580 2294 Passive,
598 2249 626 2281 as
645 2235 677 2282 de
697 2232 768 2299 bapt.
788 2248 818 2299 19
839 2238 898 2284 ‘nec
914 2233 1107 2298 incongruenter
1123 2233 1156 2284 ad

156 2312 264 2376 figuram
274 2310 495 2374 interpretabitur’
506 2328 512 2371 ;
529 2311 565 2361 od
575 2314 628 2360 aot.
641 2312 659 2361 i.
670 2327 684 2374 3
694 2315 701 2338 ‘
711 2313 884 2362 Christianum
895 2329 986 2362 nomen
996 2313 1028 2362 de
1040 2312 1156 2361 unctione

156 2384 354 2454 interpretatur.'
386 2390 521 2450 Cicero‚de
540 2388 590 2438 arv.
611 2389 628 2437 i.
653 2403 692 2452 25.
716 2403 764 2454 55;
788 2389 916 2441 Ammian.
941 2390 1020 2439 Marc.
1043 2390 1111 2439 xxiv.
1124 2389 1156 2449 63

156 2468 273 2517 Lactant.
284 2468 319 2516 iv.
333 2480 354 2528 7.
369 2476 390 2530 7.

190 2547 213 2595 8.
231 2549 258 2596 A
270 2548 402 2595 diabolo·
425 2545 511 2609 Comp.
525 2546 555 2595 de
569 2546 632 2610 viro.
649 2545 696 2595 cel.
716 2558 745 2610 15
760 2547 830 2596 ‘Hoc
849 2562 894 2595 vos
912 2546 1039 2595 interdum
1057 2545 1157 2596 diabolo

156 2626 361 2688 interpretamur,
373 2623 451 2688 ipsius
463 2627 502 2673 eat
519 2623 587 2672 enim
598 2624 659 2673 boni
670 2624 756 2673 odium
763 2625 784 2686 ’5
801 2626 884 2674 where
895 2629 954 2674 note
964 2625 1022 2674 that
1033 2626 1155 2688 interpre-

157 2705 211 2753 tari
223 2702 284 2752 with
296 2703 347 2751 dat.
355 2703 510 2767 =depotore,
523 2702 674 2752 adtribuere.

191 2794 230 2830 10.
248 2784 419 2832 aemulatur:
437 2797 477 2830 see
488 2786 555 2841 note,
567 2782 604 2830 ch.
619 2796 658 2844 34.

222 2863 324 2918 tingit:
343 2875 385 2908 see
403 2861 433 2909 de
451 2859 520 2924 bapt.
534 2874 547 2923 5
561 2861 645 2909 ‘Nam
663 2866 689 2908 et
706 2860 782 2909 sacris
797 2860 948 2924 quibusdam
962 2877 1008 2924 per
1026 2861 1156 2909 lavacrum

156 2937 299 3000 initiantur,
313 2938 388 2986 Isidis
405 2938 510 2987 alicuius
525 2942 571 2987 aut
591 2939 713 2987 Mithrae.
731 2975 737 2987 .
756 2974 762 2986 .
781 2974 786 2986 .
804 2939 877 2988 Certe
888 2937 955 2988 ludis
966 2939 1156 3002 Apollinaribus

158 3023 184 3066 et
201 3016 338 3065 Eleusiniis
358 3013 508 3079 tinguntur!
552 3017 639 3079 Gomp.
662 3017 726 3065 Iust.
749 3015 828 3066 Mart.
847 3017 911 3066 dict.
932 3033 953 3065 c.
977 3018 1033 3081 Try.
1052 3026 1091 3080 70,
1109 3017 1157 3080 783

156 3095 236 3145 Glem.
247 3095 322 3143 Alex.
334 3092 424 3143 Strom.
435 3110 459 3143 v.
477 3107 521 3153 113
537 3095 647 3158 August.
661 3111 681 3144 c.
695 3093 761 3143 Dor.
773 3093 807 3144 ri.
822 3108 860 3157 25.

193 3187 230 3222 11.
248 3176 455 3230 expositionem
465 3176 643 3222 delictorum.
666 3172 699 3221 So
707 3172 791 3237 Aqola,
801 3172 857 3237 Rip.
868 3189 874 3222 ι
891 3171 1059 3237 expiationem
1070 3172 1115 3238 (by
1122 3190 1156 3222 an

157 3269 216 3317 easy
225 3250 375 3315 correction)
388 3251 433 3300 rel.
460 3251 501 3314 By
512 3251 619 3300 African
631 3252 728 3300 writers
741 3250 894 3315 ‘exponere’
905 3251 927 3299 is
938 3252 1082 3316 constantly
1094 3252 1156 3301 used

156 3331 196 3379 for
209 3330 347 3394 ‘deponere
356 3332 378 3389 ';
395 3345 436 3378 see
447 3331 478 3378 de
485 3329 556 3393 pati.
570 3344 595 3391 5;
612 3331 644 3378 de
655 3333 720 3379 oret.
736 3343 764 3394 15
776 3347 782 3390 ;
800 3332 856 3380 odo.
869 3330 954 3380 More.
966 3347 990 3379 v.
1004 3343 1049 3391 103
1066 3332 1098 3379 de
1108 3346 1156 3381 rec.

157 3424 228 3460 carn.
242 3422 281 3473 45.
315 3408 434 3473 Cyprian.
453 3408 535 3474 h'qrtst.
557 3419 587 3472 75
605 3409 641 3457 od
656 3407 740 3457 labat.
764 3413 776 3468 5
799 3423 826 3458 21
849 3410 964 3473 ‘peccata
981 3410 1087 3472 antiqua
1105 3424 1156 3457 non

157 3485 314 3554 exposuerit'
323 3504 330 3548 ;
347 3486 559 3551 Firmilianopud
570 3487 645 3551 Cypr.
658 3487 738 3551 Epist.
754 3497 793 3551 75,
813 3491 825 3546 ξ
847 3501 886 3538 20.
926 3487 1042 3536 Lactant.
1060 3487 1096 3535 iii.
1116 3486 1155 3549 26,

156 3568 200 3618 vii.
214 3580 237 3631 5.
271 3566 368 3614 Arnob.
388 3565 414 3615 ii.
435 3579 476 3628 41,
495 3566 527 3613 iv.
548 3564 586 3615 26.
620 3566 707 3632 Comp.
720 3567 793 3615 Paul.
809 3566 902 3616 Nolan.
915 3565 1003 3616 Caret.
1020 3566 1090 3616 xxiii,
1107 3566 1156 3632 609

306 3643 363 3691 ‘Ne
380 3659 496 3692 maneam
516 3648 630 3692 terrenus
647 3644 741 3705 Adam,
759 3645 803 3693 sed
820 3643 918 3708 virgine
936 3649 1004 3692 terra

321 3722 426 3784 Nascar,
444 3728 470 3771 et
487 3723 598 3786 exposito
615 3722 703 3784 veteri,
720 3739 786 3771 nova
803 3721 895 3771 former
910 3718 1010 3786 imago?

193 3814 230 3850 12.
248 3805 283 3850 de
294 3804 415 3851 lavacro.
450 3799 490 3850 On
501 3801 531 3850 de
543 3800 717 3857 instrumenta,
730 3817 770 3851 see
781 3806 847 3863 note,
859 3800 897 3850 ch.
911 3813 933 3861 3.
