2768 4358
176 290 235 337 cir.
252 283 356 348 xant]
386 275 426 339 de
446 275 708 358 Praescriptione
729 274 988 340 Haereticcmm.
1136 292 1176 361 97

174 452 326 524 praeterea
346 446 440 505 multa
461 446 496 504 de
518 446 694 506 auctoritate
715 446 854 523 cuiusque
876 447 1002 506 doctoris
1016 445 1176 518 haeretici,

173 544 241 603 illos
269 545 394 603 maxime
423 544 572 603 doctrinae
601 566 670 604 suae
698 544 786 604 iidem
821 546 1015 619 confirmasse,
1046 551 1176 605 mortuos

175 644 337 715 suscitasse,
354 643 664 716 debiles-reformasse,
685 644 786 704 futura
806 643 991 722 significasse,
1005 645 1051 704 uti
1072 644 1178 704 merito

174 742 299 819 apostoli
320 743 515 802 crederentur.
558 742 649 816 Quasi
670 762 722 802 nec
742 744 796 802 hoo
817 744 959 822 scriptum
973 744 1022 818 sit,
1038 747 1178 803 venturos

174 842 291 912 multos,
314 840 366 919 qui
388 839 478 901 etiam
500 840 628 901 virtutes
652 842 792 902 maximas
812 842 941 915 ederent,
964 843 1004 902 ad
1031 841 1205 905 fallaciam5

174 940 360 1000 muniendam
376 944 530 1018 corruptae
544 939 777 1017 praedicationis.

216 1039 321 1116 Itaque
343 1039 459 1097 veniam
486 1038 681 1099 merebuntur.
734 1039 767 1100 Si
790 1060 861 1098 vero
888 1059 1027 1100 memores
1052 1042 1177 1101 domini-

175 1158 273 1196 carum
287 1143 318 1197 et
330 1137 560 1215 'apostolicarum
581 1143 612 1196 et
633 1137 845 1216 scripturarum
866 1139 1124 1199 denuntiationum
1146 1141 1177 1199 in

174 1235 232 1294 fide
246 1235 361 1312 integra
375 1236 519 1308 steterint,
530 1235 624 1310 credo,
641 1236 677 1296 de
691 1238 776 1296 venia
790 1236 1046 1314 periclitabuntur,
1058 1259 1176 1317 respon-

175 1334 262 1393 dente
291 1335 432 1392 Domino:
467 1335 747 1394 Praenuntiaveram
780 1337 867 1414 plane
900 1338 1017 1396 futuros
1045 1338 1176 1398 fallaciae
1192 1356 1222 1391 10

174 1433 330 1509 magistros
353 1433 385 1491 in
407 1453 471 1493 meo
493 1432 618 1503 nomine,
644 1438 675 1493 et
694 1434 905 1512 prophetarum
926 1440 957 1494 et
978 1437 1176 1513 apostolorum

174 1533 270 1604 etiam,
287 1537 317 1591 et
338 1531 518 1591 discentibus
539 1533 611 1591 meis
632 1532 733 1591 eadem
749 1534 786 1591 ad
800 1553 852 1591 vos
865 1532 1035 1611 praedicare
1056 1535 1176 1595 manda-

175 1651 292 1701 veram;
316 1630 428 1690 scilicet
449 1652 515 1690 cum
529 1651 579 1690 vos
593 1651 652 1689 non
666 1630 830 1690 crederetis.
873 1631 968 1691 Semel
991 1633 1175 1710 evangelium

174 1734 205 1788 et
226 1729 354 1788 eiusdem
375 1730 492 1806 regulae
513 1730 677 1789 doctrinam
701 1729 841 1807 apostolis
861 1729 934 1789 meis
955 1718 1175 1808 delegaveram
1233 1802 1243 1821 ⁹

173 1828 263 1887 libuit
290 1828 363 1887 mihi
390 1834 493 1906 postea
521 1823 620 1906 aliqua
646 1828 714 1887 inde
740 1834 863 1888 mutare.
920 1829 1174 1896 Resurrectionem
1191 1854 1220 1906 15

174 1927 371 2004 promiseram,
394 1928 482 1987 etiam
505 1929 618 2000 carnis3
649 1927 699 1986 sed
722 1926 892 2004 recogitavi,
914 1947 951 1986 ne
976 1927 1097 2006 implere
1117 1949 1175 1987 non

174 2046 297 2103 possem.
348 2027 460 2088 Natum
484 2047 530 2085 me
558 2025 739 2085 ostenderam
768 2045 805 2084 ex
829 2025 960 2102 virgine;
997 2027 1048 2085 sed
1075 2032 1176 2105 postea

173 2131 260 2202 turpe
274 2125 347 2183 mihi
362 2125 456 2184 visum
471 2130 523 2184 est.
567 2127 684 2184 Patrem
698 2124 830 2184 dixeram
845 2126 896 2203 qui
911 2125 1000 2184 solem
1014 2131 1044 2186 et
1059 2125 1175 2203 pluvias

173 2224 261 2295 facit;
292 2223 344 2282 sed
363 2223 440 2282 alius
461 2244 506 2282 me
529 2231 613 2301 pater
634 2222 737 2282 melior
759 2222 922 2301 adoptavit.
966 2224 1174 2284 Prohibueram

173 2343 225 2382 vos
246 2342 348 2381 aurem
368 2322 582 2382 accommodare
602 2321 776 2393 haereticis;
805 2323 857 2382 sed
877 2321 983 2381 erravi.
1190 2348 1222 2384 ao

215 2421 298 2481 Talia
322 2422 400 2500 capit
420 2418 535 2499 opinari
555 2441 604 2480 eos
626 2420 676 2498 qui
697 2419 865 2481 exorbitant
890 2427 921 2479 et
945 2419 1014 2480 fidei
1041 2420 1175 2481 veritatis

174 2521 338 2598 pericnlum
358 2541 418 2579 non
439 2525 552 2580 cavent.

210 2692 232 2727 2.
249 2681 375 2727 mortuos
391 2680 549 2738 suscitasse,
569 2681 614 2727 &c
648 2676 769 2725 Miraolss
787 2675 816 2724 of
833 2675 915 2725 deceit
930 2676 1046 2742 wrought
1064 2678 1098 2742 by
1113 2679 1176 2728 false

175 2755 271 2805 christe
283 2755 333 2804 and
344 2755 405 2804 false
416 2755 542 2820 prophete,
553 2755 578 2804 S.
591 2755 669 2804 Matt.
680 2753 748 2802 xxiv.
761 2769 800 2817 14.

207 2849 231 2896 4.
249 2836 338 2890 Quasi
349 2848 401 2882 nso
411 2871 417 2882 .
428 2869 434 2880 .
444 2869 450 2881 .
462 2869 468 2882 .
479 2835 706 2891 praedicationis.
741 2832 802 2880 This
808 2832 831 2880 is
838 2832 1032 2897 parenthetical:
1050 2832 1095 2883 the
1103 2835 1176 2900 irony

174 2912 197 2962 is
207 2911 319 2960 resumed
332 2911 394 2959 with
406 2911 514 2976 ‘Itaque
526 2908 641 2972 veniam,'
654 2910 705 2959 and
716 2910 850 2960 continued
860 2910 934 2959 down
945 2915 972 2960 to
984 2911 1044 2960 ‘sed
1055 2909 1153 2961 erravi!

241 2993 378 3047 scriptum
389 2993 435 3040 sit.
470 2990 496 3039 S.
508 2990 588 3038 Mace.
600 2990 668 3038 xxiv.
683 3003 722 3049 ²4·

209 3081 232 3131 5.
250 3070 380 3116 virtutos.
414 3068 460 3116 See
470 3072 537 3128 note,
549 3068 587 3116 ch.
601 3080 639 3129 13.

211 3158 248 3207 13.
266 3149 374 3196 scilicet
386 3160 449 3194 cum
461 3161 512 3195 vos
523 3160 582 3195 non
594 3148 755 3204 crederetis,
767 3145 846 3193 ‘with
856 3144 900 3194 the
912 3144 970 3193 idea
980 3144 1009 3193 oi
1022 3161 1107 3195 course
1118 3145 1175 3195 that

174 3239 225 3288 you
242 3223 325 3272 would
341 3228 386 3271 not
402 3222 499 3272 believe
516 3221 554 3273 it!
587 3222 637 3272 Sed
653 3238 698 3270 vos
713 3238 764 3271 non
780 3222 914 3271 crederetis
931 3223 953 3272 is
969 3222 1014 3272 the
1030 3223 1135 3286 reading
1151 3222 1180 3272 oi

175 3300 248 3350 Laid.
282 3301 371 3357 Rhea,
387 3301 477 3364 Gany„
492 3301 548 3350 oca
563 3301 642 3350 insert
657 3315 714 3348 cum
729 3299 814 3349 before
829 3314 880 3349 vos.
914 3300 1015 3350 Scilicet
1030 3301 1052 3349 ie
1068 3299 1176 3351 Oehier’a

174 3379 311 3429 correction
321 3379 360 3428 for
370 3378 428 3429 Sed.

210 3455 247 3506 16.
267 3461 318 3507 sed
338 3460 501 3515 recogitavi.
535 3457 589 3505 The
611 3456 716 3506 Gnostic
739 3460 824 3505 tenete
845 3472 889 3506 are
910 3457 984 3522 again
1006 3457 1126 3521 specielly
1148 3457 1175 3505 in

175 3534 338 3585 Tertullian’s
349 3535 434 3594 mind;
451 3551 491 3584 see
502 3535 541 3585 ch.
553 3549 594 3598 33,
606 3534 645 3598 36,
659 3535 709 3584 aud
719 3540 798 3584 notes.

210 3627 248 3678 19.
266 3617 339 3663 alius
358 3619 437 3672 pater
460 3617 567 3664 melior.
601 3613 655 3661 The
674 3612 765 3677 higher
783 3611 832 3675 god
853 3612 882 3660 oi
900 3611 1023 3673 Marcion,
1042 3611 1100 3661 who
1119 3617 1177 3661 sent

175 3691 261 3740 Christ
278 3697 306 3741 to
324 3692 410 3740 reveal
425 3691 477 3740 him
495 3694 547 3753 (see
563 3691 652 3741 above.
672 3692 711 3742 ch.
730 3701 752 3755 7,
772 3690 832 3754 34);
858 3707 886 3739 or
901 3692 945 3741 the
964 3695 1089 3761 ‘summus
1106 3690 1176 3739 Deus

117 3809 122 3819 .
175 3770 276 3819 nomine
286 3768 415 3819 Abraxas'
427 3769 455 3818 oi
463 3769 585 3819 Basilides
598 3770 650 3835 (see
661 3769 782 3818 Ps.·Tsrt.
795 3769 852 3818 ado.
863 3769 933 3818 haer.
946 3770 980 3830 1).

209 3861 249 3898 21.
265 3852 342 3907 capit
360 3849 610 3912 opinari,=‘potest
626 3847 680 3896 lieri
698 3852 727 3896 nt
747 3847 810 3897 talia
829 3845 979 3911 opinentur!
1012 3844 1096 3910 Capit
1113 3845 1177 3896 with

665 3951 689 3992 11
