2768 4358
216 252 279 322 154
554 241 898 307 Pseudo-Tertulliani
1088 249 1162 315 [cae.
1179 253 1214 300 11.

214 411 338 472 edidisse
352 411 495 473 virtutem
516 418 547 472 et
568 412 789 473 similitudinem
812 411 964 490 serpentis,
979 417 1009 471 et
1029 411 1104 471 hanc
1125 410 1214 470 luisse

212 509 354 570 virtutem
369 512 400 570 in
413 512 557 590 paradiso,
572 512 604 570 id
618 518 671 584 est,
686 512 775 572 istum
790 513 881 572 luisse
900 516 1071 589 serpentem,
1087 510 1135 571 cui
1149 511 1214 570 Eva

213 612 296 687 quasi
318 610 378 670 filio
399 611 456 671 Dei
476 612 650 672 crediderat.
693 611 857 689 Decerpsit,
880 609 1029 689 inquiunt,
1052 610 1089 670 de
1113 611 1214 668 fructu

212 709 335 781 arboris,
360 714 448 787 atque
472 710 536 769 ideo
560 710 660 788 generi
683 710 810 770 humano
837 709 989 769 scientiam
1012 710 1156 768 bonorum
1183 716 1213 767 et

185 808 353 876 5mnlorum
384 808 554 868 contribuit.
596 809 749 868 Christum
776 814 875 868 sutem
902 829 960 867 non
987 808 1020 866 in
1048 804 1213 867 substantia

212 906 307 965 carnis
322 905 412 966 fuisse
420 927 428 980 3
451 907 575 966 salutem
589 908 684 967 carnis
699 908 870 984 sperandam
884 906 1003 966 omnino
1016 927 1075 965 non
1089 926 1158 965 esse.

252 1005 374 1064 Necnon
397 1004 485 1065 etiam
509 1005 608 1084 erupit
632 1006 690 1088 alia
710 1026 824 1083 quoque
845 1005 981 1076 haeresis,
1002 1025 1076 1082 quae
1100 1003 1213 1064 dicitur

212 1102 413 1163 Cainaeorum.
465 1105 507 1163 Et
540 1104 597 1182 ipsi
625 1105 704 1164 enim
731 1104 921 1182 magnificant
949 1105 1033 1176 Cain,
1064 1104 1148 1180 quasi
1176 1123 1213 1162 ex

212 1203 336 1279 quadam
349 1203 465 1280 potenti
478 1203 599 1263 Virtute
613 1210 794 1280 conceptum,
811 1223 885 1282 quae
905 1209 1024 1282 operata
1038 1202 1079 1263 sit
1093 1202 1126 1260 in
1139 1202 1212 1279 ipso.

169 1329 199 1364 10
211 1303 291 1361 Nam
310 1300 390 1360 Abel
412 1321 448 1360 ex
469 1300 608 1361 inferiore
621 1302 741 1361 Virtute
763 1304 944 1380 conceptum,
967 1307 1159 1380 procreatum,
1182 1305 1213 1360 et

211 1400 276 1459 ideo
303 1401 472 1461 inferiorem
500 1408 657 1481 repertum.
713 1401 757 1460 Hi
785 1402 836 1481 qui
863 1402 918 1461 hoc
946 1402 1093 1473 adserunt,
1122 1400 1212 1459 etiam

212 1500 315 1558 Iudam
329 1500 507 1578 proditorem
521 1503 691 1576 defendunt,
708 1500 911 1560 admirabilem
931 1501 1017 1559 illum
1030 1508 1060 1560 et
1073 1521 1211 1577 magnum

211 1618 272 1658 esse
300 1606 491 1659 memorantes
518 1606 638 1678 propter
670 1600 822 1672 utilitates,
852 1619 924 1678 quas
957 1599 1083 1658 humano
1112 1597 1213 1676 generi

212 1699 370 1758 contulisse
405 1698 539 1758 iactatur.
605 1700 732 1776 Quidam
770 1700 849 1758 enim
884 1699 1014 1777 ipsorum
1048 1698 1211 1775 gratiarum

169 1826 197 1873 15
212 1796 355 1856 actionem
376 1798 468 1857 Iudae
489 1805 610 1877 propter
633 1798 708 1858 hanc
735 1819 867 1859 caussam
892 1797 1072 1857 reddendam
1096 1803 1211 1875 putant.

212 1894 457 1957 Animadvertens
481 1899 567 1972 enim,
588 1898 737 1976 inquiunt,
756 1898 855 1970 Iudas,
874 1898 952 1974 quod
973 1896 1109 1956 Christus
1122 1897 1212 1957 vellet

211 1995 368 2054 veritatem
396 1996 574 2069 subvertere,
601 1996 724 2056 tradidit
751 1997 847 2070 illum,
876 2017 912 2056 ne
944 1996 1076 2056 subverti
1104 1995 1212 2055 veritas

211 2097 316 2169 posset.
357 2095 398 2154 Et
417 2094 469 2155 alii
488 2095 529 2154 sic
551 2100 652 2154 contra
671 2094 826 2174 disputant
840 2100 870 2155 et
884 2095 1001 2155 dicunt:
1025 2094 1212 2171 11111οΡ0100-

211 2197 289 2252 tates
303 2192 392 2252 huius
406 2194 509 2252 mundi
524 2195 662 2254 nolebant
676 2195 739 2272 pati
753 2193 913 2267 Christum,
923 2215 960 2253 ne
973 2193 1101 2253 humano
1111 2193 1212 2270 generi

168 2317 199 2352 20
211 2311 263 2367 per
283 2298 406 2350 mortem
427 2292 520 2369 ipsius
542 2294 620 2352 salus
641 2299 803 2370 pararetur,
818 2292 908 2352 saluti
929 2293 1081 2352 consulens
1096 2293 1213 2368 generis

211 2389 341 2461 humani,
356 2391 480 2450 tradidit
498 2391 656 2464 Christum,
671 2400 705 2451 ut
728 2393 815 2466 salus,
831 2413 905 2470 quac
925 2391 1140 2470 impediebatur
1160 2412 1214 2470 per

212 2489 346 2561 virtutes,
374 2510 447 2567 quae
470 2490 651 2550 obsistebant
672 2512 708 2550 ne
732 2497 884 2569 pateretur
907 2490 1050 2563 Christus,
1075 2489 1213 2568 impediri

211 2584 329 2642 omnino
351 2605 409 2643 non
429 2593 534 2663 posset,
550 2594 580 2645 et
598 2585 663 2645 ideo
677 2584 903 2664 perpessionem
918 2584 1032 2644 Christi
1045 2605 1104 2643 non
1117 2591 1214 2663 posset

212 2682 291 2741 salus
304 2682 426 2743 humani
439 2686 553 2761 generis
567 2685 720 2745 retardari.

167 2809 196 2856 25
253 2780 312 2839 Sed
336 2786 366 2840 et
388 2782 442 2841 illa
463 2783 591 2842 haeresis
611 2783 760 2861 processit,
779 2804 853 2861 quae
876 2783 988 2842 dicitur
1004 2781 1213 2842 Sethoitarum.

212 2880 311 2938 Huius
333 2881 536 2958 perversitatis
564 2881 697 2941 doctrina
720 2881 792 2941 haee
819 2890 881 2942 est:
917 2882 999 2941 Duos
1021 2880 1152 2942 homines
1176 2882 1213 2941 ab

211 2979 323 3056 angelis
337 2981 521 3056 constitutos,
538 2981 613 3041 Cain
626 2988 656 3041 et
670 2980 767 3056 Abel,
788 2986 910 3060 propter
928 2980 981 3040 hos
1002 3001 1122 3059 magnas
1136 2981 1214 3039 inter

210 3079 328 3155 angelos
344 3079 543 3140 contentiones
558 3086 588 3140 et
603 3081 761 3140 discordias
775 3081 932 3153 exstitisse,
942 3080 979 3139 ob
992 3079 1068 3138 hanc
1082 3100 1213 3140 caussam

246 3266 268 3302 1.
286 3255 505 3302 similitudinem
516 3257 664 3312 serpentis.
700 3255 786 3319 Comp.
799 3254 866 3304 Iren.
879 3253 894 3302 i.
909 3255 948 3303 28.
960 3266 975 3314 5
988 3252 1144 3317 ὀφιόμορφον.

244 3333 266 3381 8.
284 3335 479 3390 Oainaeorum,
492 3348 532 3381 see
544 3341 604 3382 note
619 3335 649 3383 de
661 3349 776 3398 praescr.
788 3334 905 3394 100033.
938 3332 1121 3381 Chaldaeomm
1134 3331 1156 3382 is
1170 3332 1215 3383 the

209 3411 315 3475 reading
326 3411 354 3460 01
360 3411 444 3471 Leia,
455 3411 533 3462 Rhea.

246 3504 257 3536 2
261 3503 283 3553 5.
305 3493 505 3539 sethoitarum.
539 3489 593 3538 The
608 3489 733 3539 Sethoites
747 3504 775 3538 or
785 3488 902 3538 Sethians
913 3505 956 3538 are
967 3495 1012 3539 not
1024 3489 1169 3539 mentioned
1180 3490 1214 3554 by

211 3569 337 3628 1101100111,
346 3567 397 3617 and
407 3569 451 3618 the
460 3572 513 3618 sect
520 3568 657 3628 cosmed,
670 3567 786 3627 Σιθιανοί,
795 3568 822 3616 111
834 3568 990 3633 Hippolytus
1003 3568 1113 3633 (Philus.
1125 3586 1149 3618 v.
1161 3568 1213 3632 21),

210 3647 296 3696 differs
307 3649 332 3695 in
344 3663 419 3713 many
428 3653 536 3712 respect·
546 3647 609 3696 110111
621 3646 665 3695 the
676 3663 723 3696 one
734 3647 794 3696 11010
805 3646 940 3696 described.
976 3647 1132 3711 Epiphanius
1143 3648 1214 3712 gives

210 3741 241 3774 1111
254 3731 360 3776 account
371 3727 399 3775 01
407 3726 484 3783 them,
495 3725 674 3790 substantially
683 3725 726 3774 the
737 3742 806 3774 same
817 3742 845 3774 aa
853 3725 1119 3786 Pseudo-Tertullian;
1131 3741 1211 3790 comp.

211 3805 315 3855 Philast.
329 3818 353 3868 3.
386 3804 433 3855 See
444 3804 545 3854 Salmou
557 3806 591 3854 D.
603 3804 672 3853 (1.11.
684 3803 718 3854 iv.
733 3805 772 3869 87.
