2768 4358
166 265 225 312 cie.
245 258 290 324 V.]
535 248 597 312 Ad
614 213 799 332 Martltras.
1110 267 1170 332 117

165 421 247 480 latet.
289 421 326 478 In
341 440 398 497 quo
417 439 505 493 sacre,
522 424 589 479 ante
603 441 685 480 aram
700 421 812 480 nobiles
833 420 943 499 quique
964 421 1170 495 adolescentes,

164 519 291 596 flagellis
310 519 491 596 affliguntur,
506 521 672 579 astantibus
693 520 868 597 parentibus
889 525 920 580 et
940 522 1124 599 propinquis,
1140 529 1170 583 et

164 619 210 677 uti
223 624 412 697 perseverent
426 618 661 678 adhortantibus.
704 619 917 679 Ornamentum
939 620 1017 679 enim
1034 629 1064 681 et
1077 621 1172 698 gloria

163 718 354 794 deputabitur
376 717 484 776 maiore
509 719 627 795 quidem
645 718 744 791 titulo,
769 717 794 778 si
815 719 913 778 anima
931 719 1031 797 potius
1052 720 1171 780 cesserit

163 817 266 894 plagis,
282 837 369 895 quam
384 836 498 893 corpus.
539 816 637 893 Igitur
652 817 677 876 si
692 822 810 877 tantum
824 822 959 877 terrenae
973 817 1085 896 gloriae
1099 817 1169 879 licet
1183 831 1197 880 5

162 915 198 972 de
226 913 355 992 corporis
379 920 409 972 et
436 913 527 973 animi
552 914 660 991 vigore,
686 922 720 974 ut
746 915 887 992 gladium,
911 917 1018 992 ignem,
1045 937 1169 990 crucem,

162 1012 277 1085 bestias,
299 1018 445 1071 tormenta
474 1018 649 1087 contemnat,
673 1014 728 1073 sub
749 1015 880 1092 praemio
901 1015 995 1073 laudis
1015 1014 1169 1088 humanae,

161 1131 279 1188 possum
293 1111 398 1182 dicere,
408 1110 536 1170 modicae
551 1117 621 1170 sunt
634 1112 708 1171 istae
722 1111 871 1190 passiones
883 1112 920 1171 ad
935 1111 1168 1173 consecutionem

161 1210 271 1287 gloriae
285 1209 420 1269 caelestis
434 1216 464 1268 et
481 1209 598 1269 divinae
618 1211 767 1270 mercedis.
810 1210 900 1270 Tanti
914 1211 1048 1285 vitreum,
1064 1212 1168 1288 quanti

159 1329 262 1368 verum
276 1308 488 1386 margaritum?
531 1309 605 1384 Quis
620 1330 689 1387 ergo
703 1331 762 1369 non
776 1310 969 1371 libentissime
983 1317 1099 1371 tantum
1113 1333 1167 1391 pro
1183 1325 1213 1361 10

160 1429 229 1468 vero
243 1409 350 1468 habeat
365 1428 493 1486 erogare,
509 1413 651 1485 quantum
665 1408 717 1467 elii
731 1429 784 1486 pro
798 1409 893 1468 falsol

568 1609 702 1669 CAPUT
723 1610 759 1670 V.

201 1741 325 1800 Omrrro
340 1760 419 1799 nunc
432 1740 542 1816 gloriae
557 1762 695 1801 caussam.
737 1743 849 1802 Eadem
863 1741 960 1801 omnia
978 1742 1118 1802 saevitiae
1135 1748 1166 1802 et

159 1840 306 1899 cruciatus
320 1841 489 1912 certamina,
504 1831 564 1899 iam
585 1842 665 1917 apud
685 1841 817 1901 homines
838 1841 986 1901 affectatio
1006 1861 1120 1920 quoque
1134 1849 1165 1902 et

159 1939 276 1997 morbus
298 1938 418 2014 quidam
439 1937 531 1997 animi
552 1940 742 1999 conculcavit.
796 1941 876 2015 Quot
898 1940 1002 1999 otiosos
1019 1941 1165 2001 affectatio

158 2057 305 2097 armorum
320 2038 356 2096 ad
371 2036 500 2114 gladium
514 2038 611 2096 locati
636 2039 736 2098 ¹Certe
745 2040 783 2097 ad
793 2041 871 2098 feras
885 2040 964 2117 ipsas
979 2039 1164 2099 affectatione
1179 2057 1209 2107 15

157 2229 223 2280 Just.
236 2244 260 2292 4.
295 2228 366 2293 They
383 2244 453 2278 were
473 2228 610 2278 connected
629 2228 691 2277 with
710 2229 755 2278 the
775 2228 882 2294 worship
901 2229 929 2278 of
945 2229 990 2280 the
1007 2231 1165 2282 Brauronian

159 2308 280 2369 Artemis,
298 2308 383 2356 before
404 2307 487 2358 whose
507 2308 574 2356 altar
593 2307 655 2370 they
675 2324 740 2356 were
760 2307 882 2357 inflictcd.
923 2308 996 2372 They
1015 2309 1081 2358 have
1100 2310 1164 2358 been

157 2385 290 2448 explained
310 2399 338 2433 cs
355 2384 510 2449 inculcating
526 2385 658 2445 fortitude,
676 2401 704 2434 or
723 2401 751 2433 as
767 2399 783 2433 a
800 2385 937 2434 substitute
954 2385 993 2434 for
1009 2386 1051 2434 the
1068 2387 1163 2435 human

157 2463 278 2512 sacrifices
290 2464 383 2513 offered
394 2470 421 2512 to
431 2464 476 2514 the
487 2463 600 2528 goddess.
634 2464 719 2527 Comp.
731 2463 805 2527 Apol.
820 2477 867 2527 50;
885 2465 920 2513 ad
931 2464 995 2513 Nat.
1007 2464 1023 2514 i.
1039 2465 1077 2514 18.

192 2555 213 2590 1.
231 2545 268 2590 In
283 2557 339 2599 quo
356 2559 451 2593 sacro:
471 2544 514 2591 ‘in
528 2540 579 2590 this
595 2541 713 2605 religious
724 2541 884 2605 ceremony':
903 2558 973 2591 ruore
988 2542 1009 2592 is
1023 2543 1085 2592 here
1101 2545 1163 2592 used

156 2634 184 2668 as
195 2619 269 2683 Apol.
282 2636 298 2685 9
310 2623 317 2646 ‘
327 2619 358 2668 de
370 2620 524 2670 infanticidia
535 2619 600 2669 nihil
611 2620 725 2680 interest,
738 2636 807 2669 sacro
818 2637 853 2668 an
863 2618 984 2669 arbitrio!

191 2712 229 2747 10.
249 2703 440 2756 margaritum.
475 2699 537 2748 This
554 2699 576 2746 is
592 2699 637 2747 the
653 2699 718 2746 form
735 2698 763 2747 of
777 2697 821 2748 the
835 2699 904 2747 word
922 2698 1002 2748 which
1019 2699 1162 2749 Tertullian

157 2791 222 2836 uses,
237 2778 272 2825 ad
288 2792 359 2827 uror.
377 2777 403 2824 ii.
421 2790 453 2840 53
481 2779 511 2827 de
524 2776 593 2841 pall.
615 2789 636 2839 5.
680 2777 731 2824 For
749 2777 792 2825 the
812 2776 930 2840 thought,
948 2792 1026 2841 comp.
1045 2778 1161 2842 Ignatius

156 2854 247 2919 Epicu.
267 2867 295 2902 11
314 2854 417 2918 writing
433 2856 461 2904 of
477 2855 517 2904 his
536 2854 616 2904 bonds
633 2851 665 2902 τὰ
682 2853 760 2916 δεσμὰ
776 2854 896 2918 περιφέρω
913 2853 970 2904 τοὺς
989 2855 1161 2916 πνευματικοὺς

155 2930 304 2995 μαργαρίτας
345 2933 414 2982 Text.
437 2935 494 2984 adv.
518 2934 600 2983 Marc.
620 2933 647 2982 ii.
668 2949 693 2996 4.
727 2934 782 2982 The
805 2935 911 2998 proverb
933 2950 1018 2983 occurs
1041 2935 1110 2984 often
1132 2935 1160 2983 in

155 3011 173 3061 J
176 3009 279 3060 erome's
291 3011 412 3075 writings.

190 3102 228 3139 11.
245 3093 356 3139 habeat.
391 3091 432 3139 On
450 3089 501 3140 this
515 3107 559 3140 use
571 3090 599 3139 of
614 3090 701 3140 lactere
714 3090 861 3155 [=debere]
875 3107 916 3140 see
928 3096 987 3140 note
998 3091 1030 3140 de
1046 3106 1156 3156 praescr.

154 3166 222 3216 laer.
239 3169 276 3216 18.

221 3247 520 3310 erogere=impendere
561 3248 601 3296 Its
619 3246 691 3296 other
713 3262 770 3296 uses
792 3245 820 3294 in
841 3247 985 3296 Tertullian
1007 3246 1073 3295 have
1095 3246 1159 3297 been

154 3323 232 3371 noted
244 3325 275 3373 de
282 3340 399 3390 praescr.
411 3326 481 3374 haer.
495 3340 517 3374 r.

187 3402 390 3466 Cusr.V.-15.
409 3407 491 3454 certe
514 3407 551 3453 ad
569 3406 653 3465 feras,
669 3403 713 3453 hc.
748 3403 821 3452 Even
838 3404 939 3452 Roman
955 3403 1058 3452 citizens
1074 3403 1158 3467 fcrgot

154 3480 221 3528 their
232 3480 332 3545 dignity
343 3481 394 3530 and
405 3481 543 3530 descended
554 3482 610 3530 into
621 3482 664 3531 the
675 3498 760 3532 arena.
796 3482 850 3532 The
862 3481 997 3531 shameless
1008 3482 1158 3530 Commodus

152 3558 250 3620 gloried
265 3559 293 3607 in
310 3559 372 3608 such
389 3559 473 3621 deeds,
491 3561 594 3623 Lampr.
615 3561 706 3609 Comm.
721 3562 752 3616 8;
770 3560 838 3609 Dion
850 3562 917 3609 Cass.
930 3560 1000 3609 lxxii.
1016 3573 1061 3620 153
1077 3575 1156 3624 comp.

153 3635 255 3687 Sueten.
268 3637 322 3686 Iul.
337 3639 405 3688 Caes.
416 3653 455 3703 39.
488 3639 601 3690 Juvenal
612 3639 713 3688 bewails
725 3638 786 3687 such
797 3637 960 3702 degradation
971 3639 999 3687 of
1005 3637 1157 3702 nobly·born

153 3717 261 3764 Romans
280 3716 335 3766 Sci.
346 3716 373 3767 ii.
389 3729 434 3779 143
447 3717 490 3776 ff.;
507 3734 548 3767 see
564 3723 607 3767 too
620 3718 688 3766 Dion
700 3717 768 3768 Cass.
779 3717 821 3766 lxi.
836 3731 865 3782 19
876 3718 912 3777 ff,
924 3718 995 3767 Suet.
1006 3717 1068 3766 Ner.
1083 3730 1112 3765 αα
1132 3716 1160 3765 of

154 3792 241 3844 Nero's
252 3794 403 3844 exhibitione
415 3795 442 3844 of
451 3795 552 3845 himself
560 3796 588 3844 in
598 3797 643 3845 the
654 3796 741 3846 Circus
752 3797 888 3847 Maximus.
