2768 4358
175 275 233 324 cn.
250 267 332 334 vua]
375 258 415 325 de
434 259 695 344 praescriptam
715 259 972 325 Haereticorum.
1134 275 1177 343 43

174 432 318 492 Nationes
339 453 409 492 vero
430 453 581 510 nunqnam
606 453 696 511 penes
720 432 825 505 Deum,
849 432 907 492 nisi
933 431 1117 492 stillicidium
1142 432 1179 491 de

174 531 273 603 situla,
296 538 326 591 et
348 530 448 610 pulvis
475 552 512 592 ex
535 552 601 592 area
630 539 660 592 et
684 532 755 592 ioris
783 552 906 609 semper.
948 532 998 592 Ita
1025 531 1079 609 qui
1107 529 1180 590 foris

175 649 298 707 semper,
327 629 472 708 quomodo
498 630 630 708 pulsabit
655 650 698 701 eo,
719 629 772 690 ubi
799 651 948 708 nunquam
975 631 1057 690 initi
1090 649 1180 707 quam

175 729 294 791 ianuam
313 727 405 802 novit,
426 721 538 806 inqua
557 749 610 789 neo
629 736 771 807 receptus,
793 750 845 789 nec
862 729 978 790 eiectus
999 729 1179 807 aliquandoi

175 848 213 888 an
227 827 278 904 qui
297 827 354 887 soit
370 846 401 886 se
420 826 501 886 intus
514 826 604 887 fuisse
621 832 652 887 et
666 828 745 887 foras
759 832 866 900 actum,
881 827 908 887 is
922 827 1024 906 potius
1038 827 1179 904 pulsavit,
1194 837 1208 888 5

175 931 206 989 et
220 926 329 985 ostium
344 925 448 987 noviti

216 1025 318 1085 Etiam
332 1025 429 1085 Petite
443 1029 474 1085 et
493 1023 644 1104 accipietis
663 1023 691 1085 ei
713 1025 862 1104 competit,
878 1025 930 1103 qui
951 1025 1063 1086 sciebat
1083 1047 1101 1085 a
1123 1044 1181 1102 quo

175 1131 252 1184 esset
273 1123 442 1202 petendum,
458 1145 476 1183 a
497 1143 555 1201 qno
577 1129 608 1183 et
629 1129 695 1183 erat
714 1124 829 1203 aliquid
849 1125 1066 1203 repromissum,
1084 1146 1102 1184 a
1119 1125 1182 1183 Deo

176 1223 289 1283 scilicet
303 1222 462 1294 Abraham,
478 1221 562 1282 Isaac
581 1228 611 1282 et
631 1223 727 1295 Iacob,
743 1243 829 1299 quem
852 1223 986 1282 nationes
1007 1245 1067 1283 non
1087 1222 1182 1299 magis

177 1327 320 1383 noverant
345 1342 433 1400 quam
461 1321 554 1381 ullam
581 1321 834 1399 repromissionem
856 1322 930 1381 eius.
980 1323 1022 1381 Et
1049 1323 1116 1381 ideo
1144 1321 1183 1380 ad
1198 1341 1228 1375 10

177 1421 270 1480 Israel
293 1420 485 1497 loquebatur:
516 1420 585 1479 Non
608 1441 682 1493 sum,
705 1420 814 1498 inquit,
838 1420 953 1495 missus,
977 1421 1035 1480 nisi
1056 1421 1093 1480 ad
1115 1440 1182 1479 oves

178 1520 309 1598 perditas
331 1519 434 1578 domus
457 1519 560 1578 Israel.
609 1518 748 1578 Nondum
777 1518 898 1578 canibus
927 1518 1052 1579 iactarat
1078 1538 1183 1596 panem

177 1618 323 1679 filiorum:
360 1617 489 1677 nondum
517 1617 550 1676 in
574 1616 655 1676 viam
682 1617 836 1677 nationum
864 1616 907 1676 ire
931 1618 1100 1676 mandabat.
1150 1616 1184 1676 Si

178 1718 296 1797 quidem
310 1717 342 1775 in
356 1715 415 1775 fine
428 1715 586 1795 praecepit,
601 1716 744 1776 vaderent
760 1715 798 1775 ad
818 1716 961 1775 docendas
980 1723 1011 1776 et
1029 1715 1184 1792 tingendas

180 1816 331 1890 notiones3
360 1815 546 1876 consecuturi
561 1835 636 1873 mox
657 1813 804 1893 Spiritum
823 1815 965 1874 Sanctum
987 1813 1181 1885 Paracletum,
1199 1799 1227 1881 i5

179 1916 230 1995 qui
244 1917 310 1975 illos
324 1915 503 1975 deducturus
518 1919 594 1974 esset
607 1914 639 1972 in
653 1934 768 1974 omnem
783 1913 949 1973 veritatem.
989 1913 1032 1975 Et
1045 1913 1099 1973 hoo
1113 1933 1183 1990 ergo

214 2096 237 2134 1.
253 2085 320 2131 nisi.
344 2081 392 2130 See
402 2087 468 2141 note,
480 2079 519 2131 oh.
535 2093 561 2130 2.

245 2161 435 2218 stillicidium,
447 2159 494 2209 ie.
510 2155 609 2218 ‘stilla’
628 2155 730 2221 ‘gutta'
739 2174 746 2218 ;
764 2174 842 2222 comp.
858 2159 888 2208 dc
903 2164 981 2224 speci.
993 2170 1023 2223 27
1041 2157 1185 2208 ‘stillicidia

179 2234 277 2288 meilis'
285 2254 292 2295 ;
310 2239 352 2287 ad.
369 2241 423 2286 cot.
438 2236 466 2287 ii.
484 2249 497 2284 2
517 2235 563 2285 ‘de
580 2235 764 2285 stillicidio...
778 2233 910 2286 veritatis!
944 2237 993 2286 Ira.
1011 2236 1047 2288 xl.
1061 2250 1090 2300 15
1103 2235 1185 2284 ‘Ecce

178 2320 265 2380 gentes
276 2315 348 2380 qnasi
359 2314 428 2364 stilla
440 2314 541 2374 situlae,
554 2318 580 2362 et
591 2313 663 2377 quasi
675 2319 830 2362 momentum
841 2319 951 2364 staterae
967 2320 1098 2380 reputatae
1108 2318 1184 2366 sunt:

180 2409 235 2444 ecce
245 2393 344 2442 insulae
356 2392 429 2457 quasi
440 2391 523 2456 pulvis
534 2389 653 2456 exiguus'
666 2392 780 2455 (Vulg.).

214 2487 236 2523 2.
254 2475 300 2522 Ita
311 2474 369 2531 qui.
404 2471 494 2538 Apol„
505 2472 518 2520 1
531 2508 538 2521 .
551 2507 558 2522 .
571 2470 648 2534 .qui:
665 2471 758 2534 Itaque
769 2471 848 2530 Lem,
862 2471 961 2522 Rhea:
978 2472 1070 2536 Itaque
1081 2471 1126 2535 qui
1138 2470 1185 2522 ccl.

214 2566 236 2616 5.
254 2566 415 2600 an=annon.

215 2639 237 2694 7.
255 2632 349 2679 Petite
370 2635 399 2679 et
418 2631 573 2686 accipietis.
606 2627 632 2678 S.
649 2627 721 2677 John
738 2628 789 2676 xvi.
806 2641 844 2692 24.
877 2627 1020 2677 Tei-tullian
1038 2628 1186 2692 frequently

180 2708 294 2759 confusos
312 2708 364 2757 this
383 2724 455 2758 verse
472 2708 534 2757 with
551 2707 629 2756 Mart.
641 2707 685 2758 vii.
699 2707 811 2771 7(Lulre
822 2707 855 2755 xi.
869 2708 906 2771 9),
918 2707 999 2756 which
1010 2706 1043 2756 he
1055 2707 1186 2770 evidently

180 2792 267 2837 meant
278 2793 304 2836 to
314 2792 391 2851 quote
402 2786 470 2836 here.
504 2787 551 2836 See
562 2787 595 2836 dc
604 2785 674 2851 bapt.
689 2799 732 2846 203
749 2787 780 2836 de
795 2790 862 2835 orat.
877 2800 922 2843 103
939 2785 1012 2836 Pare.
1022 2785 1051 2837 d.
1062 2785 1140 2851 Perp
1155 2797 1185 2850 19

182 2862 345 2932 (Robinson's
357 2865 405 2925 ed,
418 2881 459 2928 pp.
472 2879 512 2929 49,
525 2864 577 2929 88).

216 2958 253 2994 10.
273 2948 310 2993 ad
321 2947 419 2994 Israel.
453 2943 478 2993 S.
491 2943 572 2994 Matt.
582 2959 623 2992 xv.
638 2957 669 3006 24
679 2941 713 3002 f.;
732 2958 756 2990 x.
770 2955 800 3006 53
821 2941 961 3007 xxviii.19.

216 3035 254 3086 14.
271 3026 432 3082 tingendas,
444 3022 461 3071 i.
471 3037 492 3072 e.
506 3017 706 3086 ‘baptizandas'
743 3020 806 3069 This
817 3020 944 3070 technioal
957 3035 1028 3069 sense
1039 3018 1187 3084 frequently

181 3100 296 3151 attaches
313 3105 341 3149 to
358 3102 470 3163 tingere:
492 3100 543 3149 ohs.
559 3112 600 3159 2ο,
614 3112 654 3164 29,
665 3113 714 3164 40;
732 3098 762 3148 dc
777 3115 822 3148 ree.
838 3114 910 3150 cara.
925 3109 957 3164 47
973 3098 1094 3164 (quoting
1110 3098 1184 3148 Rom.

181 3180 216 3229 vi.
229 3178 270 3242 3);
289 3179 346 3230 ado.
359 3179 442 3228 Proc.
458 3176 504 3238 26;
522 3177 552 3228 dc
562 3176 633 3242 bapt.
645 3178 747 3241 passim.

216 3271 255 3321 15.
272 3260 459 3308 Paracletum.
492 3256 520 3306 S.
531 3255 603 3307 John
613 3256 668 3307 xvi.
681 3267 720 3318 13.

217 3337 256 3388 16.
274 3341 447 3387 deducturus
454 3340 536 3385 esset.
555 3330 1188 3396 ‘Deductor(=xa0mcie)isaoommoncpithet

181 3415 210 3466 oi
218 3417 262 3466 the
274 3416 344 3480 Holy
356 3415 436 3480 Spirit
446 3415 475 3463 in
484 3411 788 3477 Tertullian’swritings:
804 3428 826 3461 e.
834 3429 859 3477 g.
870 3413 967 3477 desap.
981 3425 993 3461 1
1008 3411 1188 3462 ‘Paracletum

181 3492 345 3544 deductorem
366 3493 449 3542 omnis
466 3492 598 3542 veritatis:
622 3491 655 3541 o.
677 3504 723 3554 143
744 3492 774 3541 dc
791 3506 843 3542 cor.
856 3505 890 3554 43
914 3492 971 3541 ado.
990 3489 1072 3540 Prae.
1093 3504 1106 3539 2
1117 3507 1124 3550 ;
1140 3491 1187 3540 bnt
1256 3552 1259 3556 Δ

182 3573 260 3637 Apol.
281 3586 318 3629 21,
336 3572 364 3622 of
381 3572 426 3622 the
443 3571 495 3621 Son
514 3571 543 3621 oi
559 3571 623 3631 God,
637 3569 820 3619 ‘Illnminator
839 3575 917 3634 atque
936 3569 1068 3620 Deduotor
1086 3567 1187 3632 generis

181 3649 304 3701 humani?

248 3731 382 3789 ergoillo.
399 3727 612 3794 Samum„
621 3728 679 3791 Rip.
689 3743 696 3776 ε
708 3742 769 3791 erga
776 3725 833 3774 illos
843 3725 922 3776 Ram.
929 3725 1022 3776 anund.
1050 3724 1188 3774 Heumann

182 3808 267 3859 would
278 3809 369 3859 emend
383 3807 433 3858 ‘Et
444 3807 492 3858 hoo
505 3824 564 3873 erga
574 3807 632 3856 illos
644 3806 665 3855 si
677 3809 751 3855 vacat
762 3804 807 3870 qui
818 3803 973 3854 nationibus
989 3839 996 3854 .
1014 3837 1021 3853 .
1040 3799 1057 3855 .'
