2768 4358
179 251 240 300 cm.
255 244 363 311 xvim]
406 235 446 302 de
466 236 729 319 Praescriptione
750 233 1008 301 Haereticorum.
1140 247 1182 320 53

177 405 310 466 instituti
331 405 378 466 sui
398 406 589 480 intervertit;
611 412 642 467 et
663 407 689 466 si
710 406 816 485 recipit
836 427 895 466 non
910 405 1017 484 recipit
1033 406 1164 484 integras
1174 426 1184 480 ;

178 511 210 566 et
236 506 263 566 si
290 505 480 584 aliquatenus
507 506 639 584 integras
668 510 808 584 praestat,
837 506 1028 565 nihilominus
1056 505 1185 566 diversas

178 604 374 683 expositiones
388 610 583 666 commentata
598 605 752 665 convertit.
794 605 924 664 Tantum
937 604 1058 665 veritati
1071 605 1185 664 obstre-

177 702 226 781 pit
253 703 370 763 adulter
398 723 499 763 sensus
527 709 671 782 quantum
699 709 730 763 et
760 708 913 781 corruptor
935 703 1030 763 stilus.
1082 703 1185 763 Vanae

176 801 428 880 praesumptiones
458 802 622 863 necessario
649 803 755 862 nolunt
782 822 938 879 agnoscere
966 823 1001 861 ea
1027 822 1080 878 per
1108 821 1212 878 quae5

177 899 379 960 revincuntur.
423 900 481 960 His
502 901 640 961 nituntur
655 919 729 980 quae
751 922 786 961 ex
807 901 881 960 falso
902 905 1137 978 composuerunt,
1153 906 1185 960 et

177 1018 252 1077 qnae
273 999 309 1059 de
329 998 522 1077 ambiguitate
543 1008 691 1078 ceperunt.
735 999 816 1074 Quid
836 999 1029 1078 promovebis,
1043 999 1184 1058 exercita-

176 1096 290 1158 tissime
313 1098 537 1177 scripturarum,
562 1119 628 1158 cnm
656 1099 682 1159 si
706 1098 779 1177 quid
802 1098 975 1170 defenderis,
999 1104 1124 1175 negetur
1147 1118 1184 1156 ex

176 1195 301 1270 diverso,
316 1196 429 1276 siquid
447 1197 607 1276 negaveris,
622 1197 818 1258 defendeturl
859 1198 900 1257 Et
918 1205 952 1256 tu
971 1196 1090 1276 quidem
1109 1196 1183 1255 nihil

175 1294 280 1373 perdes
296 1295 354 1355 nisi
368 1317 468 1356 vocem
481 1295 514 1356 in
528 1296 720 1371 contentione,
737 1295 812 1354 nihil
825 1296 1008 1373 consequeris
1022 1295 1080 1356 nisi
1093 1295 1183 1354 bilem
1198 1314 1229 1351 10

176 1393 212 1454 de
225 1393 484 1474 blasphematione.

542 1651 677 1713 CAPUT
698 1652 818 1715 XVIII.

216 1800 295 1860 Itmo
309 1821 387 1874 vero,
399 1801 425 1862 si
438 1800 506 1880 quis
519 1807 565 1863 est
579 1802 662 1861 cuius
676 1823 778 1862 caussa
791 1802 823 1860 in
835 1823 1020 1880 congressum
1031 1802 1182 1862 descendis

176 1898 397 1977 scripturarum,
419 1907 455 1961 ut
476 1921 544 1960 eum
566 1901 750 1961 dubitantem
772 1901 931 1974 confirmes,
954 1901 993 1960 ad
1016 1901 1180 1973 veritatem,

176 2018 215 2058 an
229 1998 323 2076 magis
344 1999 383 2058 ad
402 2000 536 2060 haereses
557 2001 718 2078 devergetl
760 2002 827 2060 Hoc
848 2001 911 2078 ipso
932 2006 1038 2073 motus,
1052 2000 1130 2078 quod
1150 2005 1180 2059 te

175 2096 277 2157 videat
296 2097 372 2157 nihil
392 2099 578 2178 promovisse,
592 2120 686 2178 aequo
704 2099 799 2176 gradu
818 2100 946 2178 negandi
960 2105 990 2159 et
1004 2099 1180 2160 defendendi
1194 2125 1224 2175 15

210 2284 454 2343 CHAP.XVII.71.
471 2288 643 2337 Intervertit.
677 2287 717 2336 On
738 2285 860 2335 heretical
881 2287 1029 2335 mutilation
1052 2286 1103 2335 and
1124 2302 1181 2350 per-

175 2362 276 2413 version
297 2362 327 2413 of
344 2364 390 2413 the
409 2363 559 2428 Scriptores,
576 2381 618 2414 sse
635 2364 674 2414 ch.
696 2365 742 2426 38;
765 2365 816 2414 and
834 2381 913 2429 comp.
933 2365 1089 2430 Hippolytus
1108 2367 1180 2430 apud

175 2440 268 2490 Euseb.
279 2457 304 2490 v.
320 2442 359 2490 28.

210 2532 233 2582 3.
251 2522 400 2582 obstrepit,
413 2518 549 2582 ‘hinders,'
564 2518 692 2584 ‘injures’
709 2536 737 2568 as
756 2519 786 2568 in
804 2519 895 2570 Florus
914 2520 948 2570 iv.
962 2534 1008 2585 293
1028 2537 1056 2570 or
1072 2521 1179 2586 perhaps

176 2596 315 2658 ‘distorte'
334 2601 341 2625 ⁶
349 2595 480 2662 perverts’
495 2613 523 2647 as
538 2597 565 2646 in
576 2597 635 2646 Vel.
647 2597 719 2647 Max.
731 2598 786 2646 viii.
800 2611 839 2660 15.
852 2599 875 2647 8.
909 2599 994 2663 Comp.
1007 2599 1076 2650 Iren.
1087 2600 1124 2649 iii.
1138 2613 1177 2651 12.

176 2687 223 2738 153
240 2675 320 2726 Olem.
330 2676 407 2725 Alex.
419 2674 515 2726 Strom.
528 2676 572 2728 vii.
586 2675 617 2725 16
625 2693 632 2736 ;
648 2676 786 2740 Augustini.
801 2677 883 2726 Hoer.
897 2687 936 2741 70.

207 2769 233 2820 4.
251 2757 365 2804 adulter
386 2769 520 2804 ssnsus=
536 2754 734 2819 ‘expositionum
755 2753 905 2818 mendacia,'
924 2756 963 2804 ch.
991 2756 1035 2812 18;
1065 2758 1096 2805 ‘a
1116 2755 1179 2806 false

175 2831 301 2898 exsgeus'

241 2914 390 2969 corruptor
399 2910 660 2960 stilus-‘adulteria
674 2910 874 2975 scripturarum,’
885 2913 925 2963 ch.
939 2913 987 2973 18;
1005 2920 1034 2962 ‘a
1049 2913 1178 2976 tempered

174 2988 245 3040 text’
279 2989 319 3038 On
329 2988 410 3050 stilus,
422 3005 463 3038 see
474 2993 542 3051 note,
554 2989 592 3039 ch.
606 2990 645 3052 38.

241 3071 345 3118 Vanae.
379 3067 422 3117 ti.
435 3068 454 3117 J
455 3066 538 3116 unius'
548 3067 633 3132 happy
643 3066 781 3117 correction
792 3068 820 3118 ol
828 3068 873 3118 the
884 3069 959 3120 MSS.
973 3073 981 3098 ‘
991 3067 1092 3118 variae!

201 3139 233 3192 -6.
250 3155 323 3200 quae
341 3156 377 3190 ex
390 3143 463 3190 falso
480 3147 709 3202 composuenmt,
727 3157 780 3206 eg.
796 3142 841 3192 the
857 3142 954 3192 Psalms
972 3143 1000 3192 of
1015 3141 1177 3203 Valentinus,

175 3219 207 3269 de
222 3235 292 3269 coro.
312 3219 372 3268 oar.
389 3229 429 3283 17,
448 3232 492 3278 203
509 3219 553 3269 the
570 3219 734 3269 Phaneroseis
751 3221 780 3270 of
796 3220 911 3285 Apelles,
929 3221 968 3271 ch.
990 3235 1035 3284 30;
1052 3221 1177 3271 Ps-Tert.

174 3297 234 3348 ado.
246 3297 316 3347 laer.
327 3295 358 3357 63
375 3312 455 3361 comp.
466 3297 535 3347 Iram
546 3297 582 3348 iii.
596 3310 634 3346 11.
649 3310 688 3358 12,
700 3297 729 3347 oi
742 3298 786 3347 the
800 3297 863 3347 false
879 3300 966 3363 gospel
982 3300 1010 3348 of
1024 3299 1069 3349 the
1082 3300 1176 3349 Valen-

174 3378 279 3442 tiniam,
292 3380 346 3429 ‘Hi
358 3395 416 3428 vero
427 3381 472 3444 qui
483 3383 544 3429 sunt
554 3396 570 3429 a
581 3379 730 3441 Valentino,
737 3381 830 3430 iterum
839 3383 987 3432 exsistentes
997 3387 1070 3432 extra
1078 3398 1177 3432 omnem

173 3457 298 3518 timorem,
310 3472 368 3506 suas
380 3458 576 3522 conscriptiones
585 3458 747 3523 proferentes,
759 3458 832 3523 plura
842 3460 936 3509 habere
944 3460 1093 3525 gloriantur,
1100 3477 1177 3525 quam

173 3537 226 3587 sint
236 3535 291 3600 ipsa
303 3535 442 3599 Evangelia
459 3571 465 3585 .
483 3571 490 3586 .
510 3571 517 3586 .
536 3533 559 3586 .'

208 3623 232 3678 7.
250 3617 286 3662 de
298 3615 526 3671 ambiguitate=‘
534 3618 639 3679 propter
649 3613 856 3679 ambiguitatem'

207 3705 247 3742 11.
264 3695 516 3749 blasphematione.
549 3693 611 3742 This
622 3692 692 3742 word
707 3693 759 3742 and
775 3695 810 3743 its
824 3699 941 3759 cognatos
953 3711 996 3744 are
1006 3694 1066 3745 read
1076 3695 1136 3761 only
1147 3695 1175 3745 in

173 3768 354 3821 eeclesiastical
365 3769 451 3822 Latin.
