2768 4358
175 281 234 330 cm.
249 273 355 340 xxru]
378 265 418 330 de
438 265 699 350 praescriptione
720 266 982 334 Haereticorum.
1137 268 1178 354 63

544 505 678 566 CAPUT
699 506 810 566 XXIV.

215 657 287 720 Nor
301 656 373 716 mihi
386 662 448 716 tam
465 657 538 716 bene
556 663 609 730 est,
623 656 712 716 immo
731 677 791 716 non
807 656 882 715 mihi
900 663 961 716 tam
980 655 1056 715 male
1076 661 1129 729 est,
1144 660 1180 716 ut

175 755 319 834 apostolos
334 756 522 817 committam.
565 755 623 816 Sed
643 757 779 835 quoniam
800 754 1014 833 perversissimi
1030 755 1083 815 isti
1097 754 1180 814 illam

174 855 427 933 reprehensionem
442 855 480 915 ad
497 855 551 914 hoc
567 855 739 927 obtendunt,
754 860 790 914 ut
808 859 971 931 suspectam
986 854 1097 914 faciant
1111 855 1179 914 doc-

173 952 282 1011 trinam
312 954 500 1031 superiorem,
529 952 710 1030 respondebo
743 951 828 1030 quasi
855 972 909 1029 pro
936 951 1049 1012 Petro:
1080 951 1179 1032 ipsum

174 1050 298 1109 Paulum
326 1050 443 1122 dixisse,
472 1052 583 1110 factum
610 1069 641 1109 sa
670 1069 732 1110 esse
761 1049 896 1109 omnibus
924 1049 1030 1121 omnia,
1059 1049 1207 1122 Iudaeis5

174 1146 324 1220 Iudaeum,
347 1168 406 1206 non
426 1146 544 1207 Iudaeis
565 1167 622 1206 non
643 1147 795 1220 Iudaeum,
816 1152 852 1207 ut
872 1168 972 1207 omnes
993 1148 1178 1209 lucrificaret.

174 1245 258 1305 Adeo
269 1266 322 1324 pro
336 1247 515 1324 temporibus
529 1251 559 1305 et
569 1244 699 1324 personis
711 1251 741 1306 et
752 1247 860 1306 caussis
871 1247 1013 1324 quaedam
1023 1247 1179 1326 reprehen-

176 1345 292 1418 debant,
307 1346 339 1404 in
354 1366 427 1424 quae
442 1352 472 1405 et
490 1345 547 1423 ipsi
565 1365 657 1422 aeque
677 1366 730 1423 pro
749 1344 930 1422 temporibus
950 1351 981 1405 et
998 1345 1131 1424 personis
1149 1352 1180 1407 et

175 1443 283 1503 caussis
297 1443 533 1503 committebant:
557 1444 799 1520 quemadmodum
820 1442 846 1503 si
860 1450 890 1504 et
904 1444 1010 1504 Petrus
1024 1444 1178 1523 reprehen-

175 1542 258 1601 deret
273 1542 405 1612 Paulum,
420 1542 499 1619 quod
516 1541 676 1619 prohibens
695 1542 942 1602 circumcisionem
963 1543 1224 1604 circumciderit'ro

174 1640 237 1720 ipse
253 1640 446 1701 Timotheum.
486 1641 624 1701 Viderint
639 1640 691 1718 qui
705 1642 741 1700 de
757 1642 897 1719 apostolis
915 1640 1055 1701 iudicant.
1097 1642 1178 1702 Bene

175 1740 252 1817 quod
267 1741 373 1800 Petrus
387 1739 477 1800 Paulo
492 1739 567 1799 etin
582 1741 723 1818 martyrio
737 1739 926 1819 adaequatur.

218 1837 275 1898 Sed
300 1839 356 1898 etsi
377 1839 408 1897 in
429 1837 553 1898 tertium
573 1859 665 1916 usque
687 1839 797 1897 caelum
819 1845 937 1916 ereptus
955 1839 1074 1912 Paulus,
1095 1840 1178 1899 etin

174 1938 342 2014 paradisum
364 1938 478 1997 delatus
500 1937 597 1997 audiit
618 1937 760 2014 quaedam
780 1938 851 2009 illic,
868 1958 927 1996 non
947 1944 1069 2016 possunt
1083 1938 1178 1997 videri

174 2037 272 2109 fuisse,
294 2056 369 2113 quae
390 2036 475 2094 illum
500 2035 532 2094 in
557 2035 645 2095 aliam
670 2035 833 2094 doctrinam
853 2036 1070 2096 instructiorem
1094 2057 1177 2115 prae·
1193 2057 1224 2107 15

176 2139 297 2206 starent,
320 2155 385 2194 oum
410 2135 454 2192 ita
477 2134 567 2194 suerit
591 2133 720 2193 condicio
743 2154 852 2206 eorum,
872 2141 907 2194 ut
929 2136 1004 2194 nulli
1028 2135 1177 2194 hominum

175 2233 375 2310 proderentur.
426 2233 513 2307 Quod
540 2233 565 2291 si
593 2232 630 2292 ad
658 2232 782 2291 alicuius
810 2233 1018 2292 conscientiam
1047 2233 1179 2293 manavit

174 2331 272 2390 nescio
293 2332 363 2407 quid
385 2330 469 2404 illud,
489 2335 519 2390 et
538 2329 592 2390 hoc
613 2351 644 2390 se
664 2331 764 2408 aliqua
783 2330 910 2390 haeresis
931 2331 1014 2409 sequi
1034 2332 1177 2404 affirmat;

209 2514 291 2564 Casa.
314 2514 476 2564 XXIV.-r.
504 2520 538 2564 ut
563 2519 706 2572 apostolos
735 2517 919 2574 committam,
945 2517 989 2563 ‘to
1010 2514 1049 2578 pit
1071 2515 1178 2579 Apostle

175 2593 274 2657 against
285 2593 392 2658 Apostle
401 2590 420 2643 ἐ
438 2608 518 2656 comp.
535 2594 571 2642 ad
588 2598 662 2642 mart.
676 2607 688 2640 1
703 2595 750 2642 ‘ut
765 2608 811 2642 vos
827 2589 989 2653 committat,'
999 2595 1007 2619 ‘
1017 2609 1045 2642 so
1061 2610 1089 2643 as
1100 2599 1128 2643 to
1139 2598 1179 2644 set

174 2688 224 2736 you
235 2676 263 2720 at
275 2671 407 2720 variance’
418 2687 425 2732 ;
442 2671 560 2736 cyprian,
574 2670 658 2736 Epist.
674 2669 711 2720 16.
735 2670 796 2720 This
808 2686 852 2720 use
863 2671 892 2719 of
899 2671 1055 2720 committere
1065 2671 1087 2720 is
1098 2672 1177 2722 taken

175 2749 240 2798 from
251 2748 295 2797 the
305 2748 464 2811 gladiatorial
475 2748 565 2810 shows,
577 2748 627 2797 and
641 2749 662 2798 is
677 2764 792 2798 common
806 2749 834 2797 in
849 2747 999 2799 Suetonius:
1017 2765 1039 2798 e.
1046 2765 1071 2813 g.
1084 2750 1175 2800 Claud.

176 2841 225 2891 343
249 2827 366 2887 Martial,
386 2826 476 2892 dhrim.
495 2827 547 2876 viii.
566 2841 606 2890 43.
627 2841 641 2889 3
660 2827 794 2877 ‘Victores
812 2828 949 2888 committe,
967 2827 1093 2876 Venusi'
1124 2828 1178 2878 The

175 2903 245 2954 word
255 2905 327 2954 bears
339 2921 355 2954 a
364 2905 480 2955 different
491 2905 608 2970 meaning
618 2905 707 2967 below,
719 2921 760 2954 see
771 2911 838 2956 note.

210 2998 232 3046 3.
252 2987 411 3033 doctrinam
423 2987 606 3046 superiorem,
621 2983 678 3033 ‘the
691 2984 782 3033 earlier
793 2981 942 3050 teaohing’;
959 2981 976 3033 i.
985 3000 1007 3034 e.
1020 2984 1049 3033 of
1056 2984 1141 3035 Peter.

208 3074 232 3126 5.
249 3064 371 3110 Paulum
382 3064 497 3111 dixisse.
532 3076 543 3111 1
557 3063 613 3112 Gor.
624 3062 659 3112 ix.
670 3076 701 3110 20
708 3063 736 3113 ff.

208 3141 232 3190 8.
249 3144 282 3190 in
303 3155 374 3198 quae
456 3144 681 3202 committebant,
704 3141 818 3205 ‘against
840 3140 923 3190 which
942 3140 1003 3205 they
1025 3140 1177 3192 themselves

175 3234 240 3266 were
268 3219 426 3268 aecustomed
453 3225 481 3269 to
503 3219 618 3268 offend’:
646 3220 801 3268 committere
828 3219 850 3268 is
871 3218 931 3267 thus
952 3219 1014 3268 used
1035 3219 1177 3284 absolutely

174 3296 249 3360 Apol.
264 3311 294 3363 ²9
306 3297 382 3346 ‘Ideo
393 3313 451 3362 ergo
462 3297 642 3346 committimus
652 3296 681 3346 in
690 3299 849 3348 maiestatem
860 3296 1056 3361 imporatorum!
1089 3300 1177 3363 Gomp.

175 3375 269 3435 Cicero,
279 3377 308 3424 ia
325 3375 398 3426 Vm.
409 3377 437 3425 ii.
451 3390 472 3425 1.
484 3391 516 3439 43
531 3379 620 3424 ‘nemo
631 3376 698 3424 enim
708 3373 896 3428 committeret)

210 3467 249 3503 11.
267 3457 456 3504 Timotheum.
489 3453 614 3505 Actsxvi.
627 3467 650 3517 3.

267 3537 344 3582 Bene
352 3537 435 3592 quod.
457 3532 566 3582 Forthis
575 3531 719 3597 expression
727 3547 805 3596 comp.
815 3531 889 3598 Apol.
902 3533 1011 3597 7‘Bene
1018 3536 1104 3582 autem
1110 3532 1177 3597 quod

176 3610 260 3659 omnia
276 3615 377 3676 tempus
392 3610 489 3660 revelat
499 3609 520 3671 ’;
537 3611 568 3659 de
583 3610 645 3660 idol.
664 3622 688 3672 5.
708 3624 746 3674 15,
765 3625 795 3673 ²3
814 3611 894 3660 ‘bene
910 3610 978 3674 quod
992 3648 998 3659 .
1011 3646 1017 3659 .
1032 3647 1038 3659 .
1052 3610 1177 3660 Dominus

176 3686 272 3750 dixit’;
297 3690 327 3738 da
343 3689 387 3739 iai.
410 3703 455 3752 133
477 3690 509 3739 da
526 3705 597 3740 cara.
617 3688 675 3739 Otr.
691 3702 738 3752 ²43
761 3691 793 3739 da
808 3705 857 3740 res.
876 3705 946 3739 caro.
959 3701 989 3753 52
998 3703 1006 3750 ;
1023 3689 1080 3738 ado.
1091 3688 1177 3740 Mara.

175 3768 210 3818 iv.
225 3777 248 3832 7,
260 3781 300 3829 31,
311 3780 361 3830 433
377 3783 404 3816 v·
416 3780 455 3831 14,
470 3780 508 3831 29·

210 3858 249 3908 13.
268 3851 382 3904 ereptus
393 3848 508 3896 Paulus.
543 3845 625 3896 scor.
635 3844 679 3896 xii.
693 3859 706 3894 2
719 3845 746 3897 ff.
