2768 4358
177 259 238 309 co.
254 250 300 318 1.]
380 241 420 308 de
442 243 700 327 Praescriptione
722 242 982 309 Haeretz'corum.
1134 253 1178 324 45

217 413 277 474 Sed
286 413 318 473 in
329 412 434 493 primis
444 413 499 474 1100
510 432 656 492 propono:
671 433 766 474 unum
779 413 880 493 itaque
894 421 925 476 et
940 420 1052 476 certum
1066 414 1180 493 aliquid

175 511 348 573 institutum
369 532 432 572 esse
449 534 467 572 a
485 512 613 585 Christo,
629 514 706 591 quod
728 513 845 574 credere
866 515 1031 574 omnimodo
1053 514 1179 574 debeant

175 612 317 686 nationes,
343 616 373 671 et
400 611 509 671 ideireo
536 633 685 690 quaerere,
708 620 742 671 ut
770 613 893 690 possint,
918 634 985 672 eum
1010 613 1180 672 invenerint

176 711 302 772 credere.
345 709 443 770 Unius
467 731 555 788 porro
579 716 610 771 et
632 711 707 771 certi
731 711 864 772 instituti
884 711 1002 771 infinita
1024 711 1178 790 inquisitio

175 826 235 864 non
254 811 353 884 potest
367 826 447 865 esse:
470 806 667 883 quaerendum
681 811 727 865 est
740 805 831 866 donee
851 806 994 880 invenias,
1010 815 1039 867 et
1060 807 1206 868 creden-5

175 904 245 963 dum
260 905 312 963 nbi
326 905 489 978 inveneris;
512 909 542 964 et
556 905 630 963 nihil
644 905 780 983 amplius,
791 904 849 964 nisi
863 905 1086 966 custodiendum
1101 904 1180 982 quod

175 1002 335 1074 credidisti,
347 1002 418 1061 dum
432 1002 487 1061 hoc
501 1003 623 1080 insuper
637 1004 744 1076 credas,
758 1003 842 1064 aliud
851 1025 910 1063 non
920 1025 982 1064 esse
993 1004 1178 1078 credendum,

174 1101 299 1180 ideoque
326 1120 380 1161 nec
404 1100 624 1178 requirendum,
647 1123 714 1162 cum
738 1102 769 1161 id
791 1102 939 1164 inveneris
959 1108 990 1163 et
1011 1103 1178 1176 credideris,

174 1200 253 1277 quod
267 1200 304 1260 ab
318 1220 351 1259 eo
365 1199 538 1260 institutum
552 1207 605 1270 est,
622 1201 748 1278 quinon
763 1201 845 1260 aliud
864 1201 921 1262 tibi
939 1202 1061 1262 mundat
1081 1200 1178 1279 inqui·

174 1299 308 1371 rendum,
324 1318 414 1375 quam
429 1298 507 1375 quod
521 1297 664 1359 instituit.
1194 1316 1225 1352 10

215 1399 261 1457 De
275 1397 329 1456 hoc
343 1396 462 1474 quidem
482 1396 509 1456 si
529 1398 598 1474 quis
617 1397 748 1471 dubitat,
763 1399 911 1485 constabit
931 1420 1021 1479 penes
1041 1421 1094 1459 uos
1116 1420 1178 1461 esse

174 1495 214 1566 id,
242 1495 319 1573 quod
347 1517 365 1555 a
394 1495 513 1556 Christo
540 1496 713 1556 institutum
740 1503 794 1557 est.
850 1498 976 1557 Interim
1004 1520 1041 1558 ex
1072 1499 1179 1560 fiducia

174 1589 356 1668 probationis
377 1591 534 1667 praevenio
555 1591 713 1651 admonens
736 1593 884 1669 quosdam,
904 1592 980 1651 nihil
1004 1613 1066 1653 esse
1090 1614 1179 1671 quae·

174 1689 297 1747 rendum
312 1690 392 1748 ultra
407 1709 480 1767 quae
495 1690 682 1750 erediderunt
695 1690 728 1749 id
745 1710 809 1750 esse
825 1691 904 1770 quod
919 1712 1057 1769 quaerere
1072 1693 1179 1752 dehue-

174 1794 265 1846 runt:
296 1808 341 1858 ne,
370 1787 511 1862 Quaerite
539 1794 570 1850 et
597 1788 764 1861 invenietis,
788 1788 852 1848 sine
875 1790 1031 1868 disciplina
1055 1791 1179 1851 rationis
1194 1808 1223 1858 15

174 1886 417 1964 interpretentur.

577 2048 714 2109 CAPUT
735 2050 771 2109 X.

214 2181 316 2241 Rsrro
331 2187 428 2242 autem
440 2181 512 2242 dieti
521 2181 609 2241 huius
619 2182 652 2240 in
662 2183 759 2241 tribus
774 2181 907 2242 articulis
922 2182 1071 2242 constitit:
1093 2182 1125 2241 in
1139 2205 1178 2253 re,

173 2278 204 2337 in
225 2284 363 2358 tempore,
382 2279 415 2338 in
435 2280 528 2340 modo.
571 2281 607 2338 In
626 2301 667 2354 re,
683 2286 716 2339 ut
736 2281 808 2358 quid
830 2280 870 2340 sit
890 2281 1089 2358 quaerendum
1110 2302 1180 2342 con-

175 2377 302 2438 sideres:
336 2379 369 2437 in
393 2386 532 2458 tempore,
556 2386 590 2439 ut
615 2380 748 2456 quando:
782 2380 815 2437 in
840 2380 934 2450 modo,
960 2386 994 2439 ut
1018 2400 1180 2458 quousque.

173 2477 275 2554 Igitur
288 2478 485 2553 quaerendum
500 2483 545 2537 est
560 2478 639 2554 quod
653 2477 791 2538 Christus
804 2477 948 2551 instituit,
960 2478 1066 2557 utique
1078 2501 1179 2558 quam·
1195 2510 1226 2544 20

174 2577 226 2635 diu
236 2596 294 2635 non
308 2576 432 2648 invenis,
444 2575 548 2654 utique
562 2576 653 2636 donec
666 2576 809 2636 invenias.
851 2577 995 2637 Invenisti
1004 2584 1102 2638 autem
1113 2600 1179 2639 cum

173 2674 334 2735 credidisti.
376 2676 455 2734 Nam
480 2696 538 2735 non
561 2675 741 2747 credidisses,
767 2675 793 2734 si
817 2697 876 2735 non
901 2675 1079 2752 invenisses3
1102 2677 1180 2738 sicut

173 2794 225 2833 nee
246 2773 414 2851 quaesisses,
431 2773 488 2833 nisi
508 2781 544 2834 ut
561 2773 717 2834 invenires.
760 2773 809 2833 Ad
827 2775 882 2834 hoc
896 2795 965 2852 ergo
980 2797 1131 2854 quaerens,
1145 2784 1181 2836 ut

174 2871 316 2945 invenias,
328 2877 358 2932 et
368 2872 469 2932 adhoc
481 2871 634 2932 inveniens
645 2878 680 2931 ut
695 2873 803 2932 credas.
847 2873 972 2933 Omnem
985 2875 1180 2952 prolationem

173 2972 334 3048 quaerendi
348 2978 379 3030 et
392 2971 563 3031 inveniendi
578 2972 722 3030 credendo
737 2971 839 3031 fixisti.
883 2974 972 3032 Hunc
986 2973 1045 3033 tihi
1059 2974 1181 3033 modum
1195 3001 1224 3049 25

174 3069 283 3129 statuit
303 3071 419 3129 fructus
440 3069 503 3146 ipse
523 3069 692 3146 quaerendi.
733 3067 820 3128 Hanc
837 3070 894 3129 tihi
913 3073 1022 3132 fossam
1041 3072 1179 3132 determi-

206 3205 231 3254 4.
249 3205 341 3248 porro.
376 3192 440 3241 Like
457 3189 563 3256 atquin?
577 3191 708 3252 ‘atenim'
723 3189 792 3240 ἀλλὰ
808 3189 865 3256 γάρ,
883 3192 948 3243 ‘but
967 3192 1082 3260 surely':
1101 3211 1179 3258 comp.

174 3267 251 3333 Apol·
265 3285 289 3334 9,
303 3285 343 3330 23,
357 3285 396 3334 25,
407 3280 453 3334 aa
471 3271 507 3318 ad
519 3273 573 3319 nat·
584 3271 602 3319 i·
617 3284 639 3332 ²,
652 3285 677 3333 a,
687 3285 713 3334 4,
727 3272 757 3328 8;
775 3271 803 3320 ii·
816 3285 840 3331 π,
853 3285 875 3333 3,
888 3286 913 3335 4,
926 3285 948 3335 5·

210 3362 249 3399 12.
268 3352 397 3398 Interim.
431 3350 478 3398 See
489 3354 556 3410 note,
569 3349 608 3398 ch.
623 3364 662 3398 20.

210 3443 248 3493 15.
266 3431 327 3476 sine
346 3430 499 3485 disciplina
518 3431 649 3488 rationis,
668 3427 793 3477 ‘without
810 3428 884 3477 strict
903 3428 994 3492 regard
1014 3434 1041 3478 tc
1060 3429 1105 3479 the
1128 3429 1181 3478 real

175 3512 280 3571 purport
292 3506 320 3554 of
329 3505 374 3555 the
385 3506 545 3571 injunctiou.’

208 3586 291 3634 Cnsr.
304 3585 414 3648 X.—17.
432 3587 569 3634 articulis.
604 3585 651 3634 See
662 3588 731 3645 note,
743 3584 783 3635 011.
796 3586 819 3634 8.

211 3665 250 3713 26.
267 3666 380 3719 fossam,
394 3664 542 3722 ‘terminus
558 3660 642 3712 limit‘
675 3663 702 3710 A
718 3662 798 3728 figure
816 3662 845 3712 01
863 3662 953 3727 speech
970 3663 1102 3713 horrowed
1116 3662 1181 3712 from

177 3740 325 3806 camp-life:
349 3741 423 3802 sorra
443 3756 554 3791 ansvers
572 3746 600 3791 to
618 3742 662 3791 the
680 3741 775 3791 vallum
792 3741 893 3807 beyond
913 3741 996 3792 which
1014 3741 1060 3791 the
1076 3741 1182 3792 soldiers

177 3835 244 3869 vvere
255 3824 301 3869 not
312 3819 419 3868 allowed
430 3823 458 3869 tc
469 3835 534 3884 pass.
