2768 4358
187 273 247 322 co.
263 265 373 332 xx111.]
396 256 436 322 de
453 257 713 341 Praescriptzous
735 257 994 324 Haereticorum.
1149 260 1188 322 61

185 428 281 508 piant,
290 450 344 489 nec
358 427 504 509 Spiritum
522 425 690 511 [Sanctum]
706 435 831 507 possunt
844 451 1000 510 agnoscere
1012 429 1191 490 discentibus

185 528 306 588 missum
321 529 372 589 sed
385 549 438 588 nec
454 528 607 589 ecclesiam
620 547 651 587 se
662 527 826 602 defendere,
839 531 894 608 qui,
905 530 1022 608 quando
1036 534 1067 589 et
1081 529 1190 607 quibus

184 628 370 689 incunabulis
392 627 564 687 institutum
584 633 627 686 est
645 626 699 686 hoc
719 646 825 705 corpus
846 629 970 708 probare
991 647 1050 686 non
1070 628 1189 688 hahent.
1269 618 1271 623 ¹

186 726 275 786 Tanti
297 732 343 787 est
366 727 445 787 enim
466 725 528 786 illis
553 746 613 785 non
640 726 748 787 habere
775 727 962 805 probationes
990 747 1089 786 eorum
1114 746 1189 804 quae

184 825 353 896 defendunt,
367 846 405 886 ua
425 825 538 904 pariter
556 824 756 887 admittantur
774 825 974 887 traductiones
991 846 1093 885 eorum
1114 842 1217 903 quaes

183 924 377 985 mentiuntur.

550 1157 683 1220 CAPUT
703 1159 821 1220 XXIII.

224 1319 413 1378 Psorosurr
436 1335 506 1394 ergo
527 1316 566 1375 ad
590 1316 805 1394 suggillandam
832 1315 1032 1394 ignorantiam
1056 1317 1188 1395 aliquam

182 1417 389 1495 apostolorum,
414 1415 493 1492 quod
518 1415 622 1475 Petrus
644 1421 675 1474 et
698 1416 749 1493 qui
774 1436 840 1476 cum
867 1436 901 1476 eo
927 1414 1097 1494 reprehensi
1118 1421 1188 1476 sunt

182 1536 200 1574 a
214 1516 313 1575 Paulo.
355 1514 446 1586 Adeo,
460 1512 610 1590 inquiunt,
625 1514 738 1593 aliquid
754 1515 796 1574 eis
810 1514 912 1588 defuit,
927 1520 963 1574 ut
977 1535 1014 1572 ex
1027 1515 1082 1574 hoc
1096 1515 1185 1575 etiam

181 1614 255 1674 illud
283 1617 409 1684 struant,
434 1611 563 1691 potuisse
591 1618 692 1691 postca
719 1612 879 1691 pleniorem
906 1612 1185 1692 scientiam-super·
1201 1630 1232 1666 10

180 1711 290 1783 venire,
305 1712 401 1789 qualis
415 1711 568 1769 obvenerit
580 1709 674 1770 Paulo
691 1702 917 1789 reprehendenti
929 1715 1135 1772 antecessores.

221 1807 343 1866 Possum
353 1814 382 1865 et
391 1805 439 1864 hic
447 1804 524 1864 Acta
532 1805 730 1883 apestolorum
740 1805 965 1884 repudiantibus
974 1806 1083 1866 dicere:
1099 1806 1185 1867 Prius

180 1911 225 1966 est
246 1911 282 1964 ut
302 1903 464 1965 ostendatis
485 1903 552 1981 quis
572 1903 629 1963 ista
650 1904 766 1980 Paulus,
783 1909 813 1964 et
834 1904 907 1982 quid
924 1910 993 1965 ante
1010 1905 1183 1982 apostolum,

180 2010 211 2064 et
232 2003 377 2081 quomodo
405 2002 572 2080 apostolus:
601 2009 747 2080 quatenus
774 2009 805 2064 et
832 2003 905 2063 alias
931 2003 970 2062 ad
998 2003 1184 2080 quaestiones

179 2103 341 2181 plurimum
354 2123 389 2163 eo
402 2108 538 2163 utuntur.
580 2101 686 2179 Neque
700 2101 787 2175 enim,
802 2103 827 2161 si
841 2102 904 2181 ipse
919 2122 949 2161 se
968 2102 1132 2180 apostolum
1146 2102 1182 2162 de
1198 2121 1228 2174 15

213 2319 236 2354 r.
252 2320 306 2354 nec
324 2307 472 2364 Spiritum,
484 2303 529 2354 &a
562 2303 596 2352 So
606 2303 705 2366 ripeta
721 2320 768 2353 nec
779 2304 887 2368 Spiritus
897 2303 985 2353 Sancti
1001 2320 1055 2354 esse
1067 2310 1180 2369 possunt,

178 2384 222 2447 qui
233 2383 340 2432 necdum
352 2382 474 2446 Spiritum
485 2383 606 2432 Sanctum
617 2380 713 2446 possint
727 2383 822 2446 Gany„
833 2383 901 2448 usq,
912 2383 988 2435 Folo.
1007 2384 1066 2448 Ure,

243 2462 436 2510 discentibus:
453 2476 493 2510 see
505 2464 574 2520 note,
584 2459 624 2508 ch.
637 2471 660 2521 3.

212 2553 234 2588 2.
251 2554 281 2588 se
300 2540 460 2588 defendere.
505 2537 538 2587 So
560 2537 650 2601 dyoh,
667 2537 759 2589 heiu:
787 2554 814 2588 se
831 2537 917 2589 dicant
939 2538 1072 2589 defendere
1090 2540 1180 2603 Rhea,

179 2615 267 2682 Gany„
281 2616 341 2673 Gal..
352 2616 436 2675 Pam„
452 2615 522 2667 cett.

209 2711 234 2758 4
250 2710 310 2745 non
321 2697 425 2744 habere
436 2697 628 2757 probationes,
645 2697 688 2742 ‘to
699 2694 730 2743 he
740 2695 872 2759 incapable
886 2695 914 2745 of
927 2696 1067 2760 producing
1082 2696 1180 2761 procis?

175 2773 238 2821 This
249 2774 278 2829 is,
292 2773 402 2834 Ithink,
414 2772 458 2821 the
474 2773 539 2823 force
556 2773 584 2822 of
597 2772 688 2822 habere
706 2773 733 2821 in
750 2774 800 2823 this
816 2774 868 2823 aud
882 2774 927 2824 the
942 2774 1114 2840 immediately
1125 2791 1180 2841 pre·

176 2852 266 2915 ceding
276 2855 407 2901 sentence:
425 2867 466 2900 see
476 2856 545 2912 note,
556 2851 595 2902 ch.
608 2851 647 2900 18.

209 2946 232 2994 5.
249 2933 459 2981 traductiones:
479 2946 521 2980 see
531 2935 600 2992 note,
611 2929 650 2978 ch.
663 2941 702 2991 33.

208 3011 289 3059 Cnsl’.
303 3009 471 3074 XXIII-7.
490 3011 713 3068 suggillandam:
730 3025 772 3058 see
782 3015 850 3072 note,
862 3010 901 3061 oh.
913 3011 936 3060 8.

208 3089 231 3137 8.
250 3090 326 3145 quod
342 3089 445 3136 Petrus
526 3102 543 3137 a
559 3089 659 3140 Paulo,
703 3086 811 3137 Pauline
828 3087 969 3152 opposition
988 3093 1015 3137 to
1032 3089 1109 3139 Peter
1126 3105 1179 3139 was

174 3181 190 3214 a
200 3165 385 3214 characteristic
396 3165 548 3215 Marcionite
559 3171 629 3216 tenet
640 3183 647 3228 3
664 3166 726 3217 with
737 3167 782 3216 the
792 3166 873 3216 whole
885 3165 913 3216 of
921 3166 973 3216 this
985 3167 1089 3232 chapter
1099 3183 1177 3232 comp.

174 3244 232 3295 cdv.
244 3245 327 3294 Maro.
336 3243 370 3295 iv.
385 3257 406 3292 2.
420 3257 443 3306 3.

264 3326 438 3380 reprehensi.
471 3321 609 3373 Gal.ii.11
624 3323 649 3372 ff.

209 3414 247 3450 ιο.
264 3403 346 3451 illud.
379 3400 454 3449 ‘that
465 3400 538 3448 other
549 3401 694 3450 contentiori
706 3401 732 3450 ol
741 3398 837 3452 chene?

263 3481 455 3536 supervenire,
467 3493 500 3529 sc.
514 3477 682 3542 ‘Apostolos'

208 3570 246 3606 11.
264 3563 464 3616 antecessores,
477 3558 485 3584 ‘
494 3556 662 3621 predecessors
672 3557 700 3607 in
710 3557 755 3607 the
765 3556 945 3623 Apostleship’

207 3647 247 3701 15.
263 3637 418 3694 plurimum
432 3650 466 3685 eo
480 3640 608 3687 utuntur.
644 3637 684 3686 On
703 3637 748 3686 the
770 3637 922 3688 Marcionite
934 3636 991 3704 ,and
1008 3636 1176 3687 Valentinian

172 3730 217 3765 use
227 3714 256 3763 of
263 3713 289 3764 S.
301 3712 387 3763 Paul's
398 3713 514 3777 writings
525 3729 566 3763 see
577 3714 646 3765 Iren.
657 3713 692 3766 iii.
707 3728 737 3778 13
749 3714 766 3767 f.

260 3794 322 3851 ipso
333 3807 364 3842 se
375 3795 542 3851 anomalum.
578 3793 660 3842 1001.
671 3808 712 3844 xv.
725 3807 748 3858 9.
