2768 4358
292 672 1011 758 PSEUDO-TERTULLIANI

118 984 121 991 f
212 870 512 944 ADVERSUS
558 868 752 944 OMNES
799 870 1096 944 HAERESES

602 1075 704 1101 —ee—

560 1241 694 1302 CAPUT
713 1243 739 1300 I.

288 1372 303 1405 *
430 1373 445 1406 *
570 1373 585 1408 *
711 1373 726 1406 *
851 1373 866 1406 *
992 1378 1011 1414 ιχ-

192 1457 332 1530 QUORUM
352 1456 572 1528 haereticorum,
594 1462 629 1515 ut
652 1457 738 1533 plura
762 1462 951 1533 praeteream,
975 1478 1069 1535 pauca
1089 1477 1155 1534 per-

151 1555 302 1632 stringam.
362 1556 454 1614 Taceo
482 1557 561 1613 enim
588 1554 734 1614 Iudaismi
768 1555 938 1631 haereticos,
969 1556 1154 1628 Dositheum,

150 1653 279 1729 inquam,
296 1653 520 1727 Samaritam,
536 1661 589 1731 qui
602 1653 716 1731 primus
729 1674 819 1714 ausus
834 1660 880 1713 est
894 1655 1060 1732 prophetas,
1071 1654 1156 1732 quasi

151 1772 210 1810 non
224 1752 256 1810 in
272 1752 387 1830 Spiritu
400 1753 508 1812 Sancto
522 1753 643 1823 locutos,
658 1752 822 1830 repudiare.
856 1754 949 1813 Taceo
964 1753 1155 1824 Sadducaeos,

151 1851 202 1928 qui
224 1872 260 1910 ex
279 1851 367 1910 huius
392 1851 498 1910 erroris
522 1852 622 1910 radice
646 1857 809 1928 surgentes,
830 1851 895 1910 ausi
923 1858 992 1911 sunt
1016 1853 1054 1911 ad
1080 1851 1186 1926 hanc5

150 1946 293 2007 haeresim
308 1948 396 2007 etiam
411 1948 653 2007 resurrectionem
674 1949 770 2008 carnis
788 1969 904 2026 negare.
945 1949 1156 2009 Praetermitto

151 2046 330 2120 Pharisaeos
356 2047 407 2125 qui
435 2047 636 2106 additamenta
663 2047 807 2124 quaedam
834 2048 908 2124 legis
936 2048 1115 2107 adstruendo
1139 2069 1156 2107 a

150 2145 269 2204 Iudaeis
295 2145 382 2205 divisi
405 2151 493 2217 sunt;
526 2146 603 2203 unde
625 2145 714 2205 etiam
738 2145 792 2205 hoc
813 2146 943 2224 accipere
960 2147 1057 2224 ipsum
1078 2146 1156 2223 quod

150 2241 260 2299 habent
284 2260 390 2298 nomen
413 2240 497 2316 digni
521 2240 660 2299 fuerunt:
694 2261 761 2299 cum
782 2241 828 2300 his
849 2243 939 2301 etiam
960 2241 1155 2313 Herodianus,

151 2339 203 2415 qui
218 2339 368 2398 Christum
384 2340 533 2397 Herodem
548 2359 610 2398 esse
624 2337 773 2398 dixerunt.
815 2339 864 2398 Ad
882 2360 931 2398 eos
944 2360 990 2398 me
1010 2346 1156 2412 converto,
1173 2370 1203 2407 10

151 2437 202 2516 qui
216 2459 253 2496 ex
267 2438 418 2516 evangelio
432 2437 574 2498 haeretici
588 2458 649 2496 esse
663 2439 829 2498 voluerunt.

192 2537 241 2596 Ex
255 2537 360 2614 quibus
375 2543 420 2597 est
434 2537 548 2614 primus
562 2536 693 2595 omnium
707 2536 809 2597 Simon
824 2537 939 2615 Magus,
954 2538 1006 2616 qui
1027 2539 1059 2597 in
1073 2537 1157 2598 Actis

185 2701 207 2736 2.
227 2689 317 2735 Taceo
344 2689 429 2742 enim,
456 2685 499 2734 tec.
544 2684 607 2734 This
634 2687 743 2751 opening
770 2690 889 2735 sentence
916 2687 938 2735 is
966 2688 1096 2738 extracted
1123 2689 1157 2754 by

152 2764 300 2828 Hieronym.
314 2764 372 2812 adu.
383 2763 469 2828 Lucas.
483 2763 517 2812 iv.
530 2777 579 2827 304
591 2763 720 2826 (Renes).

176 2892 178 2897 ,
216 2846 394 2892 Dositheum.
428 2841 565 2891 Dositheus
577 2858 628 2891 was
639 2842 944 2906 probablyaSamaritan
960 2843 1023 2893 false
1034 2844 1156 2895 Messiah.

152 2921 194 2969 He
205 2922 226 2970 is
237 2920 356 2987 included
367 2920 393 2968 in
403 2920 448 2970 the
458 2920 503 2969 list
514 2920 542 2969 oi
554 2920 662 2971 heresies
674 2922 751 2985 given
762 2922 796 2985 by
807 2921 967 2987 Hegesippus
979 2924 1051 2989 apud
1063 2925 1155 2973 Euseb.

151 3000 189 3048 H.
198 2999 232 3050 E.
245 3000 279 3048 iv.
294 3013 332 3062 22,
346 2999 398 3048 and
408 2999 430 3047 is
441 2998 585 3048 mentioned
595 2999 692 3049 several
704 3000 779 3049 times
787 3001 822 3064 hy
831 3001 922 3064 Origen
932 3002 962 3050 de
970 3002 1042 3067 pria.
1049 3002 1084 3051 iv.
1098 3017 1108 3050 1
1119 3002 1156 3063 ff„

151 3081 241 3128 contra
258 3076 324 3128 Cels.
343 3079 377 3125 vi.
397 3091 434 3136 11,
454 3078 541 3128 Traot.
562 3088 591 3141 27
609 3079 638 3127 ia
655 3079 762 3138 Martia„
776 3078 869 3129 Gomm.
889 3081 916 3127 ia
931 3079 1022 3130 Ionan.
1034 3080 1068 3129 iv.
1102 3081 1158 3129 The

151 3161 202 3204 sect
218 3156 240 3203 is
259 3155 388 3204 described
399 3156 475 3206 Otene
489 3156 579 3218 Recog.
591 3156 618 3207 ii.
633 3158 656 3219 8,
674 3157 752 3206 Hom.
764 3157 790 3205 ii.
805 3171 851 3221 ²43
873 3157 1000 3223 Epiphan.
1014 3159 1096 3208 Haer.
1112 3172 1156 3221 133

151 3234 198 3283 but
210 3249 250 3282 see
261 3233 364 3283 Salmon
375 3251 393 3283 a.
401 3251 423 3285 o.
435 3234 463 3282 in
473 3235 508 3282 D.
517 3233 587 3284 (213.

184 3327 206 3376 9.
224 3327 338 3373 nomen,
359 3313 406 3362 ie.
428 3313 559 3362 Pharisees
573 3335 595 3352 =
609 3313 655 3362 the
672 3313 811 3378 separated.
845 3314 901 3363 The
920 3331 995 3364 name
1014 3315 1036 3364 is
1055 3313 1158 3364 derived

152 3391 216 3439 from
228 3391 272 3438 the
284 3390 395 3439 Hebrew
405 3395 461 3438 root
471 3404 520 3442 nin
531 3392 673 3456 sperauit.

186 3483 224 3517 12.
244 3471 343 3517 Simon
355 3472 466 3527 Magus.
491 3470 578 3518 Simon
585 3470 679 3534 Magus
691 3470 713 3519 is
724 3470 826 3535 usually
832 3470 953 3535 regarded
962 3487 990 3520 as
999 3471 1044 3520 the
1055 3472 1158 3520 earliest

150 3548 257 3597 Gnostic
279 3546 385 3608 heretic,
408 3549 455 3596 but
479 3547 582 3597 Salmon
603 3548 649 3597 has
676 3551 752 3612 given
773 3565 876 3599 reasons
904 3550 944 3598 for
965 3549 1090 3614 doubting
1114 3550 1158 3598 the

150 3629 306 3674 correctness
317 3624 394 3674 nithe
404 3627 475 3690 early
481 3626 668 3690 heresiologists
675 3627 702 3675 in
712 3626 864 3692 identiiying
871 3627 958 3677 Simon
966 3628 1009 3677 the
1016 3628 1158 3678 Samariten

151 3708 247 3757 heretic
265 3707 329 3756 with
347 3708 391 3756 the
410 3708 497 3757 Simon
515 3709 543 3758 of
559 3709 604 3758 the
625 3710 704 3759 ‘Acts
721 3709 749 3758 of
769 3710 813 3759 the
830 3709 963 3775 Apostles'
983 3710 1028 3776 (1).
1042 3712 1110 3763 (ΖΕΒ.
1123 3712 1157 3763 iv.

152 3786 200 3834 682
213 3786 261 3849 ἦ).
297 3787 316 3836 J
320 3787 390 3835 ustin
403 3786 538 3851 Martyris
553 3787 598 3836 the
613 3789 669 3838 first
683 3788 813 3853 authority
825 3806 857 3839 on
874 3789 919 3839 the
930 3790 1058 3840 Simonian
1068 3791 1159 3857 heresy

634 3889 683 3930 122
