2768 4358
136 276 196 324 cu.
214 270 258 336 11.]
498 261 560 324 Ad
581 258 766 342 Scapulam.
1077 273 1138 341 129

135 431 240 492 libenti
264 430 495 509 expostulentur.
536 432 586 492 Ita
610 432 666 492 etsi
689 452 740 491 nos
764 429 965 508 compuleritis
987 431 1025 490 ed
1050 429 1138 490 sacri·

134 531 290 602 licendum,
319 531 395 589 nihil
422 530 611 608 praestabitis
639 530 696 589 diis
720 528 844 589 vestris:
867 529 904 588 ab
931 529 1035 588 invitis
1059 529 1139 589 enim

136 630 277 691 sacrificia
291 651 349 689 non
364 630 579 703 desiderabunt,
596 629 654 689 nisi
673 629 698 688 si
716 628 893 688 contentiosi
909 633 997 702 sunt;
1020 634 1138 688 conten-

136 731 229 791 siosus
249 735 348 790 autem
362 730 443 789 Deus
463 749 522 788 non
544 735 597 790 est.
643 729 778 807 Denique
800 728 851 807 qui
872 733 918 787 est
930 748 1026 800 varus,
1042 728 1139 812 omnia

136 849 188 889 sua
202 849 344 907 exaequo
365 835 395 888 et
413 827 543 905 profanis
562 833 592 886 et
614 826 674 886 suis
694 832 834 903 praestat.
876 827 1004 903 Ideoque
1018 832 1049 886 et
1063 825 1167 889 iudi-5

136 928 213 988 cium
230 928 384 987 constituit
398 935 549 986 aeternum
564 927 599 987 de
618 926 712 1003 gratis
729 933 759 986 et
772 925 907 1004 ingratis.
949 927 1061 986 Tamen
1078 947 1139 996 nos,

137 1046 209 1104 quos
230 1026 385 1104 sacrilegos
402 1026 585 1098 existimatis,
606 1046 659 1085 nec
682 1025 714 1083 in
733 1027 812 1084 furto
829 1045 958 1102 unquam
977 1024 1140 1102 deprehen·

137 1125 233 1197 distis,
248 1125 357 1185 nedum
377 1125 410 1183 in
431 1125 592 1202 sacrilegio.
635 1123 744 1184 Omnes
766 1129 863 1184 autem
885 1123 938 1201 qui
958 1123 1070 1201 templa
1091 1124 1140 1183 de-

138 1223 275 1300 spoliant,
290 1229 320 1283 11
340 1245 394 1301 per
410 1224 479 1282 deos
500 1222 609 1295 iurant,
625 1230 655 1283 et
675 1225 790 1285 eosdem
811 1224 919 1295 colunt,
937 1228 968 1283 at
981 1221 1142 1283 Christiani

137 1341 196 1379 non
209 1328 286 1395 sunt,
299 1328 330 1382 et
343 1321 479 1399 sacrilegi
489 1327 587 1380 tamen
600 1321 867 1399 deprehenduntur
909 1323 1042 1399 Longum
1056 1328 1102 1382 est
1115 1322 1142 1380 si
1157 1341 1188 1377 10

138 1427 310 1494 retexamus,
322 1422 428 1500 quibus
442 1421 510 1480 aliis
524 1421 617 1482 modis
631 1428 662 1482 et
677 1421 865 1481 derideantur
873 1427 904 1481 et
915 1427 1142 1481 contemnantur

139 1540 239 1580 omnes
253 1520 296 1579 dii
312 1521 349 1579 ab
362 1520 435 1598 ipsis
455 1520 617 1579 cultoribus
637 1520 706 1580 suis.
749 1521 798 1580 Sic
816 1527 846 1580 et
864 1508 943 1581 circa
960 1520 1142 1580 maiestatem

139 1618 324 1696 imperatoris
337 1618 520 1692 infamamur,
532 1624 631 1678 tamen
642 1639 791 1696 nunquam
801 1616 964 1690 Albiniani,
974 1639 1028 1678 nec
1040 1619 1142 1696 Nigri-

139 1717 198 1790 ani,
213 1717 261 1777 vel
276 1717 409 1777 Cassiani
423 1717 551 1777 inveniri
564 1723 724 1794 potuerunt
740 1717 911 1790 Christiani,
926 1719 976 1777 sed
994 1717 1072 1776 idem
1086 1717 1141 1794 ipsi

140 1816 192 1893 qui
215 1836 269 1895 per
288 1816 389 1894 genios
411 1836 510 1876 eorum
530 1815 562 1873 in
585 1815 682 1894 pridie
704 1837 795 1895 usque
817 1816 995 1888 iuraverant,
1017 1815 1070 1893 qui
1089 1835 1142 1892 pro
1158 1835 1187 1885 15
1229 1819 1241 1843 ⁸

140 1914 236 1974 salute
253 1935 354 1973 eorum
367 1915 478 1974 hostias
493 1920 523 1974 et
536 1916 665 1974 fecerant
684 1920 715 1974 et
728 1920 878 1988 voverant,
895 1915 947 1993 qui
961 1914 1143 1974 Christianos

141 2033 226 2090 saepe
240 2013 460 2086 damnaverant,
476 2013 573 2072 hostes
589 2034 690 2073 eorum
710 2020 778 2072 sunt
795 2014 913 2091 reperti.
956 2012 1142 2074 Christianus

175 2252 197 2302 5.
215 2243 245 2287 et
260 2241 386 2296 profanis
404 2244 433 2288 et
451 2242 518 2288 auis.
552 2238 578 2289 S.
594 2239 673 2288 Matt.
690 2255 714 2287 v.
732 2252 772 2303 45.
807 2239 893 2302 Comp.
909 2238 984 2304 Apol.
1001 2252 1041 2302 41,
1060 2239 1143 2287 where

140 2317 282 2366 Tertullian
290 2333 398 2366 answers
407 2334 422 2365 a
433 2322 510 2366 retort
521 2318 598 2367 based
609 2335 642 2367 11
650 2317 694 2366 the
703 2333 817 2367 common
825 2317 957 2380 sufferings
966 2318 994 2367 of
1003 2316 1143 2366 Christians

139 2393 190 2443 and
201 2394 325 2444 heathens
336 2397 364 2443 in
375 2395 427 2444 this
438 2395 524 2445 world.

176 2485 199 2536 7.
216 2477 314 2522 necin
328 2477 413 2524 furto.
447 2475 501 2523 'l'he
518 2473 640 2538 integrity
652 2474 702 2523 and
717 2473 813 2539 loyalty
823 2472 851 2522 of
862 2473 906 2522 the
923 2473 994 2538 early
1004 2472 1144 2522 Christiana

142 2568 208 2603 were
224 2552 307 2615 points
324 2568 357 2601 on
375 2552 456 2600 which
472 2553 534 2616 they
550 2552 632 2615 might
650 2552 797 2617 deservedly
808 2553 895 2602 boast:
913 2567 953 2600 see
970 2552 1051 2601 below
1062 2551 1101 2600 ch.
1112 2566 1143 2614 4;

141 2630 216 2694 Apol.
235 2645 256 2690 a,
274 2647 316 2693 42,
333 2646 374 2695 44,
391 2630 439 2694 46;
455 2631 563 2680 Aristid.
581 2631 658 2696 Apol.
680 2644 722 2694 15;
740 2632 805 2681 Iust.
824 2631 903 2680 Mart.
918 2630 995 2694 Apol.
1013 2630 1030 2680 i.
1048 2629 1086 2690 16,
1107 2640 1144 2694 17.

141 2709 228 2773 Comp.
241 2710 309 2759 Plin.
321 2711 408 2775 Epist.
420 2727 444 2758 x.
456 2709 496 2775 96.

176 2788 199 2837 8.
215 2792 321 2836 nedum
332 2791 364 2836 in
376 2791 530 2847 sacrilegio.
563 2788 638 2851 Apol.
653 2802 691 2852 15,
704 2799 743 2853 37.

177 2879 215 2914 11.
233 2872 460 2928 contemnantur,
472 2867 515 2917 dcc.
549 2868 610 2916 This
622 2883 672 2917 was
688 2868 774 2918 shown
785 2867 847 2916 with
857 2867 933 2916 much
948 2871 1081 2916 couteness
1094 2867 1145 2916 and

142 2944 219 2994 satire
229 2945 304 3008 Apol.
319 2958 358 3005 11,
372 2959 410 3008 14,
426 2959 462 3009 15.

177 3036 215 3072 12.
233 3027 308 3073 circa
319 3027 502 3074 maiestatem
537 3024 590 3072 The
607 3024 683 3074 crime
700 3025 729 3074 of
743 3023 879 3090 ‘majesty'
897 3041 926 3074 or
942 3024 1079 3089 disloyalty
1094 3040 1145 3073 was

143 3117 207 3151 even
217 3118 285 3150 more
296 3101 401 3153 heincus
412 3103 476 3152 than
487 3103 544 3153 that
555 3103 583 3151 ol
592 3103 722 3152 ‘atheism'
732 3121 760 3153 or
771 3107 779 3132 ‘
785 3103 921 3168 sacrilege,’
930 3105 981 3153 and
991 3105 1088 3154 formed
1099 3120 1146 3154 one

144 3178 172 3228 of
186 3180 231 3230 the
249 3186 314 3230 most
333 3181 450 3245 frequent
468 3183 570 3246 charges
588 3182 698 3246 brought
717 3184 817 3247 against
836 3183 881 3232 the
901 3183 1049 3232 Christians.
1084 3183 1146 3233 This

143 3257 294 3308 indictment
305 3276 356 3309 was
368 3260 433 3324 fully
443 3260 572 3310 answered
583 3260 658 3326 Apol.
673 3263 702 3310 28
714 3262 741 3309 ff.

179 3351 216 3400 13.
233 3340 391 3400 Albiniani,
405 3343 546 3399 Nigriani,
556 3338 706 3388 ‘adherente
717 3340 745 3388 of
752 3340 863 3389 Albinus
874 3339 925 3388 and
936 3337 1031 3402 Niger?
1041 3339 1085 3388 the
1096 3344 1146 3389 two

142 3415 276 3465 claimants
287 3422 314 3466 to
325 3418 370 3466 the
380 3418 496 3483 imperial
504 3419 568 3477 title,
578 3418 628 3466 and
639 3419 716 3468 rivale
729 3419 757 3468 of
765 3419 879 3475 Severus,
892 3418 920 3466 in
933 3431 988 3482 193.
1021 3417 1093 3480 They
1104 3433 1146 3465 are

142 3493 289 3543 mentioned
305 3495 379 3559 Apol.
393 3510 423 3559 35
439 3497 467 3544 in
484 3513 499 3545 a
516 3497 613 3545 similar
628 3513 686 3562 way
701 3513 729 3546 as
745 3501 818 3561 types
834 3497 862 3545 of
875 3496 976 3545 traitors
991 3496 1068 3556 along
1084 3495 1147 3543 with

145 3572 282 3629 Caecinae
298 3590 403 3638 usurpet
420 3573 448 3621 of
465 3575 509 3622 the
525 3575 613 3638 purple
629 3575 658 3623 in
673 3575 716 3624 the
731 3576 794 3624 East
811 3575 838 3623 in
854 3574 899 3623 the
916 3574 987 3638 reign
1003 3572 1030 3622 of
1044 3573 1147 3621 Marcus

143 3650 274 3713 Aurelius,
288 3660 342 3715 175.
371 3651 456 3715 Comp.
469 3651 550 3701 below
561 3651 600 3700 ch.
614 3665 636 3712 3.
762 3657 764 3661 '

179 3741 218 3792 14.
236 3732 371 3790 Cassiani,
390 3729 525 3778 ‘followers
542 3730 569 3778 of
583 3729 700 3792 Cassius,'
715 3730 759 3780 the
776 3746 881 3795 usurper
897 3727 1042 3779 mentioned
1058 3727 1086 3777 in
1102 3728 1147 3777 the

145 3805 195 3855 last
204 3814 271 3856 note.

636 3910 659 3950 Κ
