2768 4358
621 249 819 314 Tertulliani
1037 259 1109 325 [cn.
1125 267 1216 316 xciv.

582 489 715 551 CAPUT
736 491 843 550 XLIV.

254 625 397 683 Paolunic
418 624 489 685 haec
510 623 661 700 pressioris
683 624 761 700 apud
783 644 835 682 nos
855 624 1023 683 testimonia
1042 625 1215 703 disciplinae

212 723 249 782 ad
272 723 472 800 probationem
493 722 628 782 veritatis
649 722 796 795 accedunt,
816 745 834 782 a
854 744 912 801 qua
932 724 1079 785 divertere
1104 726 1215 785 nemini

212 822 341 900 expedit,
357 823 408 900 qui
422 821 589 882 meminerit
603 821 698 880 futuri
711 821 822 894 iudicii,
837 843 894 901 quo
915 843 1015 882 omnes
1031 843 1084 882 nos
1098 844 1215 885 necesse

212 927 257 980 est
280 922 360 998 apud
387 920 500 980 Christi
526 920 659 979 tribunal
687 920 811 993 adstare,
836 922 993 980 reddentes
1013 921 1156 982 rationem
1181 923 1214 981 in

183 1035 197 1084 5
209 1020 313 1098 primis
325 1019 418 1099 ipsius
430 1020 508 1081 fidei.

253 1120 332 1195 Quid
368 1139 436 1196 ergo
471 1119 568 1178 dicent
612 1119 663 1196 qui
705 1118 787 1178 illam
826 1118 1029 1196 stupraverint
1066 1120 1212 1180 adulterio

210 1218 365 1291 haeretico,
381 1216 525 1294 virginem
541 1217 684 1277 traditam
698 1239 716 1276 a
731 1216 871 1277 Christol
914 1216 1011 1277 Credo
1033 1218 1211 1296 allegabunt,

210 1317 285 1375 nihil
305 1337 434 1394 unquam
455 1316 510 1376 sibi
532 1316 569 1375 ab
589 1316 640 1375 illo
654 1317 701 1374 vel
721 1314 758 1374 ab
779 1315 919 1393 apostolis
940 1317 1003 1375 eius
1022 1316 1058 1374 de
1073 1317 1166 1376 saevis
1181 1324 1212 1377 et

209 1415 356 1494 perversis
383 1414 525 1474 doctrinis
553 1415 661 1474 futuris
687 1413 928 1492 praenuntiatum
956 1421 987 1475 et
1015 1414 1051 1474 de
1076 1416 1212 1476 cavendis

168 1536 197 1570 10
209 1513 468 1590 abominandisque
479 1518 676 1590 praeceptum.
711 1512 881 1590 Agnoscent
892 1533 974 1572 suam
986 1515 1085 1590 potius
1097 1515 1212 1590 culpam

210 1616 240 1671 et
268 1632 394 1683 suorum,
423 1611 475 1688 qui
501 1632 553 1670 nos
581 1632 640 1669 non
669 1616 737 1670 ante
765 1615 1017 1688 praestruxerunt.
1072 1611 1212 1675 Adicient

209 1791 296 1840 habito
306 1787 452 1853 vultuque’;
468 1805 509 1839 see
517 1790 548 1838 de
559 1789 620 1838 ciali.
626 1789 690 1853 fem.
699 1787 725 1839 ii.
738 1801 766 1836 11
779 1789 870 1837 ‘Vobis
881 1793 967 1837 autem
978 1789 1049 1838 nulla
1060 1788 1211 1853 procedendi

208 1886 296 1919 caussa
311 1885 363 1918 non
379 1868 487 1918 taetrica
504 1868 627 1933 [=aeria,
641 1867 738 1932 pravis]
757 1905 802 1918 ...
820 1868 875 1917 Aut
887 1867 1038 1917 sacrificium
1049 1868 1154 1919 offertur
1164 1874 1211 1919 aut

209 1949 257 1998 Dei
280 1964 360 1997 sermo
382 1947 587 1996 administratur:
616 1946 717 2010 quidvis
739 1946 829 1994 horum
856 1945 990 2009 gravitatis
1016 1952 1043 1996 et
1069 1949 1210 1998 sanctitatis

208 2028 336 2091 negotium
348 2031 395 2088 est,
407 2026 447 2075 cui
463 2042 524 2090 opus
538 2041 591 2074 non
608 2025 642 2074 sit
656 2024 746 2074 habitu
757 2022 970 2075 extraordinario!
1004 2025 1036 2073 In
1048 2027 1082 2076 ad
1098 2043 1168 2077 acor.
1181 2026 1208 2078 ii.

208 2120 224 2168 4
236 2106 271 2154 ‘si
282 2104 463 2170 procedendum
477 2101 541 2153 erit'
552 2103 599 2152 hae
609 2103 654 2153 the
665 2119 733 2152 same
744 2103 869 2167 meaning.

240 2183 322 2233 Osse.
333 2183 488 2233 XLIV.—1.
505 2183 655 2240 pressioris
666 2184 845 2243 disciplinae,
858 2181 898 2230 ‘oi
910 2198 926 2231 a
944 2183 1045 2232 stricter
1061 2182 1209 2247 discipline,'

207 2262 269 2312 such
280 2277 307 2311 ae
318 2263 341 2311 is
352 2261 483 2311 described
495 2260 575 2325 Apol.
588 2273 626 2323 39.

241 2354 263 2403 3.
281 2355 378 2390 omnes
388 2355 441 2390 nos
451 2355 572 2399 necesse,
585 2342 631 2389 &a
646 2353 657 2387 a
671 2339 727 2388 Oor.
738 2355 762 2388 v.
777 2351 815 2386 10.

241 2428 263 2482 7.
280 2422 429 2478 virginem.
465 2418 551 2482 Comp.
566 2432 578 2465 a
592 2418 647 2466 Gor.
659 2418 693 2466 xi.
705 2431 726 2464 2.
760 2417 787 2466 It
798 2434 849 2466 was
861 2417 984 2482 probably
996 2434 1064 2468 some
1075 2419 1209 2483 figurative

207 2497 350 2561 expression
368 2497 419 2546 like
437 2496 488 2544 this
505 2496 533 2545 in
552 2495 597 2545 the
614 2500 671 2544 text
689 2495 746 2544 that
763 2512 827 2559 gave
844 2497 893 2545 risa
910 2502 937 2545 to
954 2496 999 2546 the
1016 2497 1078 2546 false
1095 2498 1209 2547 scandala

206 2577 347 2640 respecting
362 2574 407 2624 the
421 2575 501 2624 moral
519 2573 691 2624 characteres
705 2573 793 2636 Cerdo,
806 2574 931 2634 Marcion,
943 2575 994 2624 and
1010 2575 1121 2639 Apelles.
1155 2576 1209 2625 The

206 2654 296 2718 phrase
307 2653 329 2701 is
339 2653 415 2702 taken
428 2652 492 2702 from
504 2651 671 2717 Hegesippus‚
683 2652 774 2700 Euseb.
787 2653 823 2703 H.
831 2653 865 2702 Ε.
876 2653 912 2704 iii.
926 2667 956 2716 32
967 2669 973 2712 ;
984 2652 1018 2702 iv.
1033 2668 1071 2703 aa.

272 2736 370 2782 oredo
403 2731 458 2780 The
468 2731 566 2780 intense
577 2731 650 2795 irony
661 2730 690 2778 oi
703 2731 754 2780 this
770 2748 874 2796 passage
885 2747 931 2780 can
946 2732 1035 2797 hardly
1048 2733 1079 2782 be
1091 2733 1209 2783 matched

206 2825 270 2859 aven
281 2812 308 2859 in
319 2810 364 2859 the
375 2809 489 2874 writings
499 2809 527 2858 oi
535 2809 679 2858 Tertullian
689 2809 797 2859 himself,
834 2807 944 2860 ‘Credo'
955 2812 978 2860 is
989 2812 1107 2875 repeated
1119 2812 1208 2873 below,

205 2888 255 2937 and
266 2904 370 2954 appears
381 2892 408 2936 tc
418 2888 451 2937 be
461 2904 477 2936 a
489 2893 602 2951 stronger
613 2889 756 2951 expression
767 2888 831 2937 than
838 2887 1001 2939 Tertullian's
1013 2891 1085 2939 usual
1098 2889 1209 2954 ‘opinor’

205 2966 233 3015 in
243 2967 348 3016 ironical
358 2981 483 3031 passages,
495 2982 536 3015 see
548 2970 616 3026 note,
627 2965 667 3016 ch.
680 2979 701 3028 3.

238 3047 261 3096 8.
279 3048 379 3095 saevis.
414 3044 447 3094 So
469 3045 513 3093 the
536 3044 610 3093 MSS.
634 3044 684 3092 and
705 3043 770 3092 Edd.
792 3045 892 3110 (except
911 3045 973 3109 neq.
993 3046 1075 3112 seris).
1111 3046 1208 3097 Jaasus

204 3123 338 3189 suggested
349 3124 443 3173 scaevis
454 3123 536 3173 which
552 3123 642 3173 Oetler
653 3122 748 3186 adopts.
928 3132 933 3143 ’

240 3216 278 3252 10.
295 3205 465 3262 Agnoscent,
487 3219 520 3254 ac.
541 3201 655 3252 Christus
675 3207 701 3250 et
726 3201 847 3266 Apostoli.
880 3201 937 3252 Van
959 3202 1005 3253 der
1029 3203 1103 3254 Vliet
1124 3202 1208 3253 would

206 3279 295 3331 emend
306 3281 435 3344 Agnoscat
447 3279 593 3346 [Christus]

239 3373 277 3410 11.
295 3365 324 3411 et
335 3374 460 3421 suarm
472 3359 514 3410 &a
549 3359 603 3408 The
613 3359 690 3408 harah
699 3359 796 3422 change
805 3358 833 3408 of
841 3359 938 3422 subject
948 3359 975 3408 in
984 3360 1028 3410 the
1036 3367 1154 3411 sentence
1161 3360 1208 3412 has

203 3438 267 3489 been
282 3438 439 3500 overlooked,
456 3439 507 3487 and
523 3437 566 3487 the
581 3437 656 3488 MSS.
675 3437 726 3486 and
743 3437 808 3488 Edd.
825 3438 923 3487 exhibit
938 3439 1110 3490 considerable
1126 3439 1207 3488 varia·

203 3517 396 3581 tionsz—quam
413 3517 513 3566 illorum
531 3516 600 3581 Rip,
612 3517 686 3567 Folo.
708 3517 779 3566 Ura:
800 3533 876 3581 quam
893 3533 994 3566 suorum
1010 3518 1100 3580 Rhea,
1116 3517 1205 3584 Gany,

203 3597 278 3648 Pam.
312 3597 366 3647 The
374 3601 429 3646 text
439 3596 535 3645 follows
546 3596 629 3652 Leia..
642 3595 697 3646 Gal.

269 3689 323 3725 nos
340 3691 398 3726 non
415 3681 489 3725 ante.
523 3674 557 3723 So
579 3675 676 3737 Gany„
693 3673 755 3734 ael,
766 3673 858 3725 Para:
877 3690 922 3723 nos
936 3680 997 3724 ante
1010 3675 1206 3739 Lesa.‚12len.:

204 3769 248 3803 nos
259 3758 333 3802 tanto
344 3759 404 3803 aute
415 3753 486 3816 aeq,
499 3753 575 3802 Folo.
593 3754 651 3803 Urs.

267 3834 410 3882 Adicient.
444 3831 498 3882 The
510 3833 607 3898 subject
618 3831 693 3882 shiits
705 3831 769 3882 back
780 3833 855 3898 again
865 3835 893 3882 to
904 3829 1057 3883 ‘haeretici'
