2768 4358
157 277 216 327 cu».
232 271 300 335 xm]
358 265 398 327 de
418 264 679 346 Praescrz'ptione
700 263 959 328 Haereticcrum.
1117 283 1154 348 91

155 432 293 493 tinentes.
337 434 476 494 Ceterum
504 435 529 494 si
557 435 672 494 Numae
700 434 838 512 Pompilii
866 434 1090 511 superstitiones
1115 455 1159 495 re-

155 533 313 605 volvamus,
335 533 361 592 si
382 534 569 593 sacerdotalia
590 533 683 592 officia
703 539 734 593 et
754 533 883 610 insignia
903 539 933 592 et
953 533 1159 611 privilegiari

155 631 324 691 sacrificalia
337 632 511 705 ministeria,
527 638 558 692 et
577 633 772 691 instrumenta
791 638 821 692 et
835 653 904 691 vasa
923 632 1052 710 ipsorum
1071 631 1159 691 sacri-

154 729 294 803 ficiorum,
309 753 342 791 ac
357 731 538 809 piaculorum
553 736 584 790 et
598 738 732 790 votorum
743 730 929 791 curiositates
940 730 1159 800 consideremus,

155 849 250 888 nonne
271 829 425 889 manifeste
447 830 579 889 diabolus
599 829 800 889 morositatem
820 829 903 887 illam
927 828 1063 888 Iudaicae
1087 828 1187 906 legis5

155 926 288 986 imitatus
303 931 367 988 estl

196 1025 256 1099 Qui
270 1047 339 1103 ergo
352 1027 430 1105 ipsas
444 1048 498 1100 res,
515 1027 551 1086 de
570 1026 676 1104 quibus
696 1032 878 1086 sacramente
893 1025 1005 1086 Christi
1019 1026 1159 1086 adminis-

154 1128 281 1196 trantur,
310 1131 371 1185 tam
399 1125 580 1184 aemulanter
607 1125 756 1184 affectavit
782 1124 945 1202 exprimere
973 1124 1006 1183 in
1034 1125 1159 1203 negotiis

154 1222 336 1284 idololatriae
348 1244 355 1297 ;
379 1224 484 1301 utique
512 1231 543 1284 et
571 1224 648 1282 idem
674 1228 703 1282 et
728 1223 828 1282 eodem
852 1223 971 1300 ingenio
992 1223 1103 1299 gestiit,
1128 1229 1159 1282 et

154 1321 252 1398 potuit
275 1323 471 1382 instrumenta
490 1343 605 1400 quoque
628 1321 793 1380 divinarum
817 1341 916 1381 rerum
940 1330 970 1381 et
992 1329 1159 1381 sanctorum
1176 1345 1205 1378 10

154 1418 398 1493 Christianorum,
421 1441 537 1480 sensum
561 1421 597 1479 de
617 1420 758 1493 sensibus,
781 1420 869 1478 verba
891 1419 927 1478 de
947 1419 1052 1492 verbis,
1074 1441 1159 1498 para·

153 1517 234 1576 bolus
260 1518 295 1577 de
317 1520 472 1596 parabolis,
495 1520 633 1596 profanae
656 1524 686 1577 et
710 1518 838 1576 aemulae
860 1518 929 1577 fidei
953 1523 1158 1595 attemperare.

154 1616 195 1675 Et
208 1616 273 1676 ideo
288 1638 382 1693 neque
397 1639 414 1676 a
427 1618 544 1677 diabolo
558 1617 687 1676 immissa
706 1637 767 1675 esse
788 1616 932 1693 spiritalia
951 1617 1107 1693 nequitiae,
1123 1638 1159 1676 ex

154 1716 261 1792 quibus
275 1715 364 1775 etiam
379 1715 512 1776 haereses
525 1716 657 1788 veniunt,
673 1715 810 1775 dubitare
824 1715 889 1791 quis
904 1716 998 1787 debet,
1013 1736 1108 1793 neque
1122 1717 1159 1776 ab

153 1811 320 1872 idololatria
334 1813 442 1872 distare
456 1811 596 1885 haereses,
608 1835 674 1873 cum
688 1820 719 1872 et
732 1812 858 1873 auctoris
875 1819 905 1871 et
919 1813 1014 1890 operis
1029 1813 1158 1872 eiusdem
1174 1837 1184 1870 r
1189 1836 1203 1885 5

154 1910 223 1982 sint,
238 1911 320 1970 cuius
334 1917 364 1971 et
379 1912 551 1972 idololatria.
592 1913 690 1971 Deum
707 1918 759 1971 aut
780 1912 897 1989 fingunt
915 1912 1005 1970 elium
1020 1912 1158 1970 adversus

154 2015 330 2083 creatorem
354 2017 406 2071 aut
426 2012 451 2070 si
467 2012 587 2071 unicum
605 2016 766 2070 creatorem
786 2011 971 2082 confitentur,
986 2010 1074 2069 aliter
1091 2031 1157 2070 eum

155 2107 310 2181 disserunt,
327 2130 413 2186 quam
428 2109 460 2167 in
474 2130 544 2168 vero
559 2116 612 2169 est.
655 2110 760 2187 Itaque
774 2129 859 2167 omne
873 2108 1064 2180 mendacium,
1080 2109 1157 2186 quod

155 2206 191 2267 de
205 2207 268 2266 Deo
283 2207 392 2281 dicunt,
409 2208 621 2285 quodammodo
634 2229 727 2286 genus
742 2216 787 2267 est
802 2207 991 2267 idololatriae.

536 2341 668 2400 CAPUT
689 2341 767 2399 XLI.

195 2447 267 2507 Nou
290 2449 423 2508 omittam
448 2448 539 2526 ipsius
562 2447 649 2508 etiam
675 2447 904 2508 conversationis
924 2446 1087 2506 haereticae
1109 2447 1157 2507 de·
1173 2469 1203 2502 20

154 2577 256 2628 nentia’
268 2580 290 2628 is
302 2579 363 2629 used
375 2580 402 2630 ol
410 2579 565 2629 rell-control
576 2581 602 2628 in
614 2579 664 2628 and
675 2579 741 2628 after
748 2580 880 2643 marriage,
894 2580 929 2628 cd
940 2595 1008 2628 asor.
1024 2593 1044 2627 1.
1056 2578 1088 2635 6;
1107 2578 1158 2627 and

154 2657 176 2704 is
187 2659 332 2707 contrasted
345 2659 406 2707 with
420 2656 582 2722 ‘virginitas'
593 2659 625 2707 de
638 2661 701 2722 cira.
714 2658 761 2707 cel.
776 2672 806 2707 10
817 2675 823 2714 3
838 2658 897 2707 ado.
908 2658 994 2706 Marc.
1007 2674 1031 2708 v.
1046 2671 1082 2721 15.

187 2749 211 2796 3.
229 2740 395 2786 sacrificalia
414 2739 581 2786 ministeria.
616 2737 692 2785 From
712 2736 764 2784 this
782 2736 854 2800 point
869 2740 896 2784 to
914 2735 958 2784 tlre
976 2735 1025 2785 end
1036 2736 1065 2784 of
1073 2735 1112 2784 ch.
1124 2752 1157 2799 44

154 2813 239 2864 Codes·
250 2814 424 2878 Apobardiaae
435 2816 457 2864 is
467 2817 586 2879 wanting.

186 2908 209 2954 4.
229 2895 416 2953 curiositates,
430 2893 565 2941 ‘fantastie
576 2893 678 2942 niceties
687 2890 694 2912 ’
701 2911 709 2950 ς
728 2908 769 2941 see
781 2897 846 2951 note,
859 2892 898 2942 ch.
909 2900 931 2954 7.

187 2985 209 3032 5.
227 2975 421 3020 morositatem
435 2993 457 3012 =
472 2971 736 3035 ‘scrupulositatem’;
765 2987 845 3034 comp.
868 2973 926 3021 cdo.
949 2971 1034 3021 Marc.
1061 2973 1097 3021 iv.
1123 2984 1153 3033 35

155 3050 342 3098 ‘morositatem
352 3050 448 3114 legis';
465 3050 516 3098 and
528 3051 556 3098 of
563 3050 607 3098 the
619 3050 716 3098 Mosaio
727 3050 805 3098 ritual
816 3047 849 3098 ib.
866 3049 892 3098 ii.
913 3050 942 3097 18
955 3048 1157 3099 ‘Sacrificiorum

153 3143 252 3191 quoque
263 3144 339 3176 onera
351 3134 376 3177 et
387 3128 580 3192 operantionum
595 3133 621 3177 et
633 3128 789 3177 oblationum
801 3128 943 3190 negotiosas
956 3128 1155 3192 scrupulositatis

153 3222 227 3255 nemo
236 3205 426 3270 reprehendit';
444 3209 479 3256 od
489 3211 542 3258 eat.
553 3206 579 3256 ii.
592 3223 623 3269 43
639 3208 670 3256 de
683 3207 745 3271 otrp.
757 3206 806 3254 uel.
821 3219 857 3254 12.

188 3292 406 3335 remotorum
430 3288 723 3335 christianorum=‘a
753 3285 847 3333 sanetis
870 3283 1021 3334 Christianis
1047 3283 1155 3349 scripta'

153 3362 205 3410 For
216 3365 389 3412 ‘sanctorum’
401 3363 487 3413 Rosa
498 3363 656 3428 conjectured
669 3363 719 3412 and
730 3362 857 3427 preferred
867 3366 874 3389 ‘
883 3364 1113 3412 sacramentorum!

186 3441 269 3490 Um.
281 3441 430 3491 XLI.—20.
447 3445 681 3492 conversationis.
717 3437 911 3502 ‘conversatia’
923 3440 976 3490 like
989 3439 1156 3504 ‘disciplina’

151 3519 173 3568 is
189 3520 251 3568 used
265 3521 300 3585 by
315 3520 359 3568 the
373 3521 450 3570 Latin
467 3521 574 3570 Fathers
592 3520 631 3569 for
642 3528 648 3548 ⁸
658 3519 773 3580 conduct,
794 3520 866 3569 mode
886 3519 913 3568 ol
929 3517 991 3579 life,’
1008 3520 1052 3567 the
1071 3519 1155 3568 Greek
1179 3549 1181 3551 ·

152 3597 271 3659 πολιτεία,
284 3599 328 3647 the
339 3600 373 3648 N.
382 3600 410 3649 Τ.
422 3599 564 3662 ἀναστροφή
577 3599 643 3648 Heb.
658 3599 710 3648 xiii.
724 3608 737 3662 7
749 3615 755 3657 ;
775 3613 785 3646 1
800 3599 856 3648 Pet.
868 3598 894 3646 ii.
909 3611 948 3648 12.
977 3598 1063 3661 Oomp.
1076 3598 1155 3647 above

151 3681 190 3730 ch.
205 3695 243 3744 ²3,
256 3691 293 3745 27,
305 3681 356 3730 and
367 3683 442 3746 again
459 3683 497 3731 ch.
510 3695 558 3744 433
575 3682 677 3731 deidol.
692 3696 739 3740 ro;
756 3683 786 3730 de
799 3696 880 3730 coron.
894 3683 925 3741 8;
941 3681 1062 3730 udmart.
1076 3695 1105 3740 ²3
1124 3680 1155 3729 de

151 3761 214 3825 stry.
228 3760 276 3810 cel.
291 3773 319 3821 13
337 3761 372 3810 ud
383 3764 438 3810 nat.
450 3762 467 3809 i.
482 3774 521 3820 10,
532 3761 558 3809 ii.
572 3775 602 3824 53
620 3760 727 3810 decrat
740 3773 788 3820 113
806 3761 837 3808 de
848 3759 909 3808 cult.
914 3760 981 3823 fem.
997 3760 1023 3807 ii.
1037 3772 1078 3818 10;
1096 3759 1153 3808 oda.

151 3839 235 3888 Marc.
247 3839 263 3888 i.
278 3853 316 3901 20,
330 3855 353 3887 v.
369 3853 407 3900 η,
421 3853 467 3902 14;
484 3840 515 3888 cle
525 3854 599 3904 paea.
614 3853 636 3900 1,
648 3853 672 3903 9,
684 3838 728 3888 &a
