2768 4358
181 283 241 331 cm.
259 273 364 340 xxm]
386 267 426 332 de
446 268 708 351 Praescriptione
729 267 987 335 Haereticorum.
1141 271 1184 354 65

179 439 205 499 si
233 439 337 498 nolunt
364 438 515 499 ecclesiam
541 438 684 517 intellegi,
710 439 785 499 nihil
807 441 938 513 interest,
964 441 1080 518 qnando
1108 441 1183 500 nihil

178 536 303 597 tacitum
320 538 411 597 suerit
430 539 510 615 quod
527 539 581 598 sub
601 537 704 598 multis
721 540 847 600 testibus
868 540 1080 617 proferebatur.
1125 540 1183 600 Sed

179 658 232 697 nec
253 636 321 714 quia
341 636 438 698 voluit
458 637 543 696 illum
563 637 634 698 haec
654 637 790 698 fidelibus
810 639 977 698 hominibus
999 640 1182 711 demandare,

178 735 231 814 qui
257 736 356 795 idonei
381 737 442 796 sint
465 743 495 796 et
520 736 593 796 alios
619 737 738 812 docere;
774 738 805 796 id
834 758 947 816 quoque
972 744 1182 814 argumentum

178 835 286 909 occulti
307 835 434 894 alicuius
462 835 610 913 evangelii
637 835 893 913 interpretandum
917 842 968 896 est.
1010 838 1087 896 Nam
1116 852 1211 902 cums

178 933 252 994 dicit
273 935 363 1005 Haec,
384 934 421 994 de
444 935 486 994 eis
507 935 588 1007 dicit,
603 935 639 994 de
662 935 771 1013 quibus
794 935 826 994 in
847 934 995 1013 praesenti
1016 937 1181 1010 scribebat;

178 1033 214 1091 de
232 1033 352 1092 occultis
374 1039 481 1106 autem,
497 1039 532 1091 ut
546 1033 582 1093 de
596 1033 776 1108 absentibus,
790 1034 870 1112 apud
891 1033 1109 1108 conscientiam,
1123 1056 1181 1094 non

179 1131 270 1203 Haec,
285 1132 337 1192 sed
350 1132 408 1192 Illa
421 1131 554 1192 dixisset.

546 1300 681 1361 carun
704 1300 812 1359 xxvi.
841 1254 843 1259 ¹

220 1432 326 1491 Ponao
355 1452 534 1510 consequens
565 1437 638 1505 erat,
667 1437 702 1492 ut
733 1432 781 1491 cui
812 1433 1007 1492 demandabat
1036 1431 1182 1510 evangelii

178 1530 460 1590 administrationem
488 1551 548 1588 non
576 1530 683 1608 passim
711 1551 764 1590 nec
792 1531 1006 1591 inconsiderate
1038 1532 1179 1591 adminis-
1196 1558 1226 1592 10

177 1630 321 1702 trandam,
331 1629 460 1689 adiceret
468 1630 629 1689 secundum
637 1629 812 1689 dominicam
823 1649 932 1704 vocem,
946 1650 981 1688 ne
992 1631 1180 1707 margaritam

176 1728 272 1806 porcis
307 1733 338 1788 et
373 1734 505 1788 sanctum
544 1729 665 1806 canibus
702 1728 834 1788 iactaret.
898 1729 1041 1787 Dominus
1082 1731 1181 1806 palam

178 1827 280 1900 edixit,
310 1827 372 1886 sine
399 1828 462 1886 ulla
489 1827 702 1906 significatione
737 1827 863 1887 alicuius
891 1827 963 1887 tecti
995 1829 1179 1888 sacramenti.

177 1926 245 2003 Ipse
266 1931 461 2004 praeceperat,
477 1926 501 1985 si
523 1925 595 2003 quid
609 1928 640 1984 in
656 1927 783 1986 tenebris
798 1933 828 1986 et
843 1927 874 1984 in
888 1925 1059 1986 abscondito
1080 1927 1180 1986 audis-

177 2030 250 2096 sent,
262 2024 293 2082 in
303 2025 370 2084 luce
383 2030 414 2084 et
428 2025 459 2082 in
473 2026 561 2084 tectis
571 2025 784 2102 praedicarent.
812 2026 880 2103 Ipse
892 2046 944 2103 per
955 2024 1178 2084 similitudinem
1195 2050 1223 2100 15

175 2123 433 2201 praefiguraverat,
448 2144 485 2183 ne
505 2145 594 2183 unam
615 2145 722 2199 mnam,
738 2124 770 2182 id
793 2129 837 2183 est
857 2143 949 2183 unum
962 2123 1085 2182 verbum
1106 2124 1178 2198 eins,

176 2221 239 2281 sine
261 2223 361 2281 fructu
388 2222 420 2280 in
441 2222 542 2282 abdito
564 2229 755 2283 reservarent.
798 2223 866 2301 Ipse
888 2222 1009 2281 docebat
1029 2221 1178 2281 lucernam

176 2340 234 2379 non
270 2321 325 2380 sub
356 2321 488 2379 modium
522 2321 656 2380 abstrudi
687 2322 788 2394 solere,
818 2321 869 2380 sed
902 2320 935 2378 in
969 2321 1178 2381 candelabrum

176 2418 324 2490 constitui,
339 2424 375 2478 ut
389 2420 485 2479 luceat
498 2421 633 2479 omnibus
648 2420 742 2498 quiin
757 2420 841 2479 domo
853 2425 930 2479 sunt.
961 2421 1041 2479 Haec
1052 2420 1178 2498 apostoli
1251 2419 1252 2424 '

194 2523 229 2577 ut
256 2519 449 2596 neglexerunt
476 2525 530 2579 aut
554 2519 674 2578 minime
702 2520 921 2590 intellexerunt,
945 2518 971 2577 si
998 2538 1058 2577 non
1085 2519 1178 2577 adim-
1194 2542 1225 2578 20

175 2616 338 2694 pleveruut,
364 2618 574 2678 abscondentes
598 2618 713 2696 aliquid
733 2619 770 2676 de
790 2607 909 2689 lumine,
930 2616 962 2674 id
987 2622 1039 2690 est,
1062 2617 1098 2677 de
1120 2617 1178 2676 Dei

175 2714 264 2773 verbo
288 2720 318 2774 et
341 2713 453 2773 Christi
481 2721 669 2775 sacramento.
713 2716 876 2787 Neminem,
899 2715 979 2792 quod
1006 2715 1074 2788 scio,
1095 2735 1178 2775 vere-

174 2812 293 2885 bantur,
309 2834 367 2872 non
389 2813 562 2873 Iudaeorum
583 2815 653 2885 vim,
675 2835 734 2873 non
763 2815 965 2875 ethnicorum:
1004 2834 1060 2891 quo
1084 2815 1177 2892 magis

174 2911 279 2988 utique
293 2910 326 2970 in
339 2911 463 2972 ecclesia
478 2912 571 2972 libere
585 2914 803 2992 praedicabant,
818 2912 870 2990 qui
885 2914 917 2971 in
931 2913 1086 2991 synagogis
1100 2920 1131 2974 et
1145 2914 1176 2972 in

174 3009 246 3069 locis
260 3010 388 3088 publicis
403 3032 461 3069 non
475 3012 621 3070 tacebant.
652 3012 747 3071 Immo
761 3033 855 3090 neque
869 3011 994 3071 Iudaeos
1008 3021 1176 3072 convertere
1191 3034 1220 3083 25

174 3129 268 3186 neque
291 3109 421 3169 ethnicos
443 3110 583 3170 inducere
602 3110 776 3189 potuissent,
797 3109 856 3170 nisi
876 3110 954 3188 quod
975 3111 1054 3170 credi
1075 3113 1113 3171 ab
1134 3112 1176 3171 eis

173 3208 313 3268 volebant
333 3209 435 3268 ordine
457 3214 641 3286 exponerent.
684 3210 783 3269 Multo
804 3209 898 3287 magis
916 3209 976 3268 iam
991 3210 1176 3270 credentibus

206 3374 289 3423 cm.
301 3372 479 3423 XXVL-n.
497 3376 669 3424 dominicam
680 3389 784 3425 vocem.
821 3375 846 3424 S.
859 3375 937 3424 Matt.
948 3373 991 3422 vii.
1003 3373 1027 3423 6.

209 3465 247 3513 ¹3·
265 3455 450 3501 sacramenti:
468 3468 510 3501 see
521 3457 588 3513 note,
600 3453 640 3504 ch.
654 3467 693 3504 20.

208 3543 248 3593 14.
265 3533 332 3586 Ipse
344 3536 530 3587 praeceperat.
565 3531 589 3581 S.
602 3531 681 3580 Matt.
693 3548 718 3582 x.
733 3541 771 3594 ²7·

207 3621 245 3672 15.
263 3622 316 3665 per
327 3611 551 3658 similitudinem.
585 3610 610 3659 S.
622 3609 695 3658 Luke
705 3609 757 3660 xix.
771 3623 800 3658 12
812 3611 839 3661 ff.

207 3696 246 3750 17.
264 3689 330 3743 Ipse
342 3689 469 3736 docebat.
504 3687 529 3736 S.
541 3688 619 3737 Matt.
631 3705 655 3739 v.
670 3702 708 3751 15.

207 3775 246 3829 27.
264 3768 364 3816 ordine
377 3772 569 3822 exponerent:
587 3783 665 3830 comp.
678 3767 702 3816 S.
713 3767 786 3817 Luke
797 3769 815 3817 i.
828 3782 852 3831 3.

210 3846 214 3853 ’
262 3846 356 3893 Multo
367 3846 466 3903 mach,
475 3847 535 3896 dc:
552 3861 633 3909 comp.
644 3846 712 3895 Iren.
723 3845 758 3895 iii.
774 3861 797 3908 3.

664 3947 684 3988 1³
