2768 4358
194 274 254 323 cn.
271 271 364 336 xL11.]
399 262 439 327 de
459 264 719 346 Praescriptione
740 265 997 333 Haereticcrum.
1152 289 1194 356 93

233 432 441 495 Ordinationes
462 457 562 496 eorum
583 436 762 511 temerariae,
778 438 865 505 levas.
879 439 1093 500 inconstantes:
1115 462 1193 502 nunc

165 541 169 552 “
191 534 352 610 neophytos
373 535 524 607 collocant,
546 556 623 595 nunc
644 537 740 597 seculo
761 539 923 612 obstrictos,
946 561 1024 599 nuno
1045 546 1193 618 apostatas

190 640 311 706 nostros,
333 639 368 692 ut
389 633 482 711 gloria
504 655 551 694 ecs
571 635 710 714 obligent,
733 636 802 714 quia
824 637 950 697 veritate
975 659 1035 697 non
1062 648 1192 718 possunt.

189 731 344 809 Nusquam
365 733 480 792 facilius
501 733 661 811 proficitur,
677 756 763 813 quam
784 736 816 794 in
837 738 940 797 castris
961 738 1124 812 rebellium,
1140 740 1193 799 ubi

189 829 286 907 ipsum
300 851 360 891 esse
374 832 443 905 illic,
458 832 618 911 promereri
632 838 685 894 est.
720 833 828 912 Itaque
843 835 916 894 alius
930 836 1016 895 hodie
1030 837 1190 916 episcopus,
1204 854 1219 904 5

189 948 253 988 cras
267 928 342 989 alius
350 950 358 1004 ;
380 930 466 990 hodie
480 931 630 1005 diaconus,
645 932 697 1009 qni
711 954 775 993 cras
789 933 898 1008 lector3
920 933 1007 994 hodie
1028 937 1190 1012 presbyter,

187 1023 239 1101 qui
256 1045 321 1084 cras
342 1025 454 1087 laicus:
486 1046 556 1086 nam
580 1032 610 1086 et
630 1027 713 1088 laicis
736 1029 928 1088 sacerdotalia
948 1049 1069 1089 munera
1092 1031 1191 1090 iniun-

107 1168 109 1172 .
186 1131 270 1199 gunt.

562 1325 696 1386 CAPUT
717 1325 818 1385 XLII.

227 1475 276 1533 Dn
290 1475 373 1536 verbi
387 1480 487 1536 autem
500 1475 755 1536 administratione
774 1476 846 1554 quid
867 1476 971 1550 dicam,
985 1499 1053 1538 cnm
1074 1481 1128 1540 hcc
1149 1480 1189 1541 sit

185 1575 334 1653 negotium
357 1575 425 1648 illis,
443 1596 502 1634 non
524 1574 655 1634 ethnicos
675 1574 875 1647 convertendi,
899 1577 950 1636 sed
971 1583 1086 1638 nostros
1106 1600 1188 1640 ever·
1204 1601 1234 1639 10

184 1674 286 1733 tendit
329 1675 416 1733 Hanc
438 1673 533 1752 magis
554 1674 676 1752 gloriam
697 1679 828 1752 captant,
850 1675 875 1734 si
897 1677 1043 1737 stantibus
1064 1679 1187 1753 ruinam,

183 1792 241 1830 non
257 1772 281 1831 si
296 1773 458 1833 iacentibus
472 1773 667 1833 elevationem
677 1781 841 1851 operentur.
886 1776 1031 1850 Quoniam
1045 1782 1075 1837 et
1089 1776 1188 1856 ipsum

183 1891 257 1949 opus
272 1892 372 1930 eorum
390 1892 448 1930 non
467 1873 502 1931 de
523 1892 576 1932 sno
597 1872 716 1950 proprio
737 1872 869 1933 aedificio
883 1873 973 1947 venit,
989 1876 1040 1935 sed
1060 1876 1096 1935 de
1110 1878 1186 1937 veri·

181 1971 253 2030 tatis
284 1971 489 2043 destructione,
525 1980 625 2032 nostra
660 1971 829 2045 suffodiunt,
865 1980 900 2033 ut
936 1995 987 2034 sua
1022 1975 1185 2037 aedificant.

183 2069 288 2128 Adime
308 2069 368 2128 illis
389 2071 482 2148 legem
503 2070 598 2147 Moysi
620 2078 649 2130 et
669 2071 834 2148 prophetas,
850 2076 879 2130 'et
900 2078 1059 2132 creatorem
1078 2073 1182 2148 Deum,
1202 2097 1230 2148 15

181 2167 397 2227 accusationem
418 2168 515 2244 eloqui
536 2189 595 2227 non
615 2169 733 2229 habent.
775 2170 824 2228 Ita
844 2169 879 2229 fit
900 2175 935 2228 ut
954 2170 1055 2230 ruinas
1068 2171 1184 2232 facilius

181 2404 257 2468 loqui,
271 2403 314 2453 sed
325 2419 371 2451 nec
383 2403 479 2464 docere,
489 2419 535 2453 nec
546 2403 652 2468 tingere,
660 2419 708 2453 nec
716 2403 813 2460 offerre,
822 2420 869 2453 nec
880 2404 957 2453 ullius
969 2403 1050 2454 virilis
1061 2408 1183 2469 muneris,
1217 2416 1223 2421 '

180 2485 273 2532 nedum
291 2482 451 2532 sacerdotalis
469 2481 543 2531 officii
561 2485 654 2531 sortem
670 2481 718 2531 sibi
729 2481 874 2532 vindicare?
908 2484 950 2532 De
961 2483 1032 2548 bapt.
1047 2496 1075 2548 17
1090 2485 1183 2535 ‘Petu-

179 2563 275 2611 lantiae
303 2567 387 2610 autern
416 2560 515 2619 mulier,
540 2576 606 2623 quae
634 2562 766 2624 usurpavit
793 2560 891 2621 docere,
914 2562 1003 2625 utique
1029 2578 1079 2611 non
1105 2564 1183 2614 etiam

178 2641 292 2706 tingendi
310 2641 349 2689 ius
368 2640 417 2688 sibi
435 2636 534 2704 pariet,'
553 2639 597 2688 dec.
631 2639 719 2704 Oomp.
733 2639 822 2704 Apoat.
844 2640 931 2689 Oonst.
949 2641 984 2690 iii.
1005 2655 1038 2704 9;
1056 2640 1181 2706 Epiphan.

178 2720 322 2770 Hecalxx.

213 2813 235 2846 a.
252 2799 416 2856 neophytos.
453 2795 588 2846 1Tim.iii.
601 2792 624 2845 6.

243 2881 355 2927 saeculo
367 2879 528 2926 obstrictos.
563 2875 604 2925 011
620 2876 716 2925 secular
732 2875 828 2924 service
842 2889 870 2924 as
885 2890 901 2923 a
916 2873 1127 2938 disqualification
1142 2876 1182 2926 for

177 2956 248 3020 Holy
258 2956 357 3016 Orders,
370 2971 411 3003 see
422 2954 546 3018 Bingham
556 2955 618 3003 dat.
630 2953 664 3003 iv.
676 2968 699 3017 4.

211 3033 235 3083 6.
252 3038 349 3084 lector.
383 3033 444 3081 This
459 3032 481 3081 is
496 3033 541 3082 the
557 3033 612 3081 first
629 3032 741 3080 mention
757 3031 786 3080 of
799 3032 844 3081 the
860 3030 941 3080 Order
956 3032 984 3080 of
998 3032 1118 3094 Readers,
1135 3033 1180 3083 the

177 3112 257 3162 oldest
274 3113 302 3163 of
315 3112 360 3160 the
377 3113 459 3160 minor
475 3110 566 3168 orders,
583 3111 633 3160 and
650 3110 710 3159 thus
727 3111 797 3175 carl)⁷
812 3110 922 3174 adopted
938 3111 973 3175 by
989 3111 1104 3160 heretica.
1139 3111 1180 3160 On

176 3190 243 3240 their
251 3191 335 3240 duties
346 3207 387 3238 see
399 3188 510 3253 Bright's
524 3195 584 3240 nota
596 3205 628 3238 on
639 3189 724 3238 Chalc.
736 3189 812 3238 Cone.
825 3205 881 3238 can.
892 3188 943 3238 xiv.

241 3272 327 3319 hodie
346 3272 512 3326 presbyter.
528 3304 553 3318 ..
567 3271 665 3318 leioua
699 3267 865 3316 Indifference
883 3272 910 3316 to
929 3267 973 3316 the
992 3267 1085 3331 special
1103 3269 1179 3317 velue

176 3347 227 3396 and
250 3348 453 3397 distinotiveness
476 3347 505 3396 of
524 3346 594 3411 Holy
613 3346 707 3396 Orders
728 3346 750 3393 is
768 3346 829 3395 here
847 3345 974 3409 expreasly
994 3346 1135 3395 attributed
1150 3350 1178 3395 to

175 3427 291 3476 heretica.
333 3426 365 3474 In
383 3425 422 3474 his
441 3426 508 3474 later
525 3426 651 3483 treatisss,
669 3440 697 3473 as
715 3441 730 3472 a
748 3423 901 3485 Montanist,
918 3423 1060 3472 Tertullian
1076 3423 1181 3473 himself

173 3505 283 3570 adopted
293 3504 338 3554 the
351 3505 425 3553 novel
436 3505 524 3553 notion
535 3504 561 3552 of
571 3503 616 3552 the
627 3502 790 3552 obliteration
805 3501 834 3551 of
848 3503 883 3551 all
899 3502 1045 3556 distinction
1065 3502 1178 3551 between

173 3585 249 3634 cleric
260 3584 311 3633 and
322 3583 390 3644 laic;
407 3583 437 3632 de
448 3583 503 3633 cet.
515 3586 577 3632 cast.
590 3580 615 3631 6.
649 3581 695 3631 Dr.
706 3581 794 3631 Hatch
809 3581 913 3644 Bampt.
928 3581 985 3630 lect.
1002 3597 1026 3644 p.
1044 3593 1100 3641 124,
1114 3579 1176 3629 with

173 3679 189 3713 a
208 3663 269 3712 bold
286 3661 415 3726 disragard
432 3661 470 3710 for
486 3660 649 3711 Tertullian's
666 3658 801 3709 alteration
818 3659 847 3708 of
862 3660 948 3720 news,
959 3657 1049 3708 blenda
1060 3658 1176 3722 together

173 3756 290 3806 passages
300 3739 364 3789 from
375 3739 482 3790 catholic
492 3740 543 3790 and
553 3739 715 3789 montanistio
723 3737 847 3801 waitings.

205 3821 289 3870 Onne.
300 3817 461 3869 xus-16.
478 3820 574 3877 eloqui
585 3833 644 3867 non
654 3821 773 3867 habent:
792 3831 834 3865 see
844 3819 911 3877 note,
923 3815 962 3866 ch.
978 3815 1016 3864 18.
