2768 4358
173 280 234 330 car.
250 272 330 339 xlv.]
373 264 414 329 de
434 264 698 347 Praescriptione
719 263 979 329 Haereticorum.
1133 281 1177 346 49

173 436 306 497 delatum
319 457 356 496 ex
369 435 477 516 spiritu
490 435 588 496 Patris
602 435 660 495 Dei
674 440 705 495 et
718 435 830 496 virtute
843 435 875 494 in
885 435 1032 513 virginem
1043 433 1178 506 Mariam,

173 555 291 595 carnem
312 536 423 595 factum
443 535 475 593 in
493 540 578 594 utero
594 535 665 607 eius,
680 540 712 596 et
731 556 769 595 ex
788 556 822 594 ea
843 541 947 594 netum
967 532 1060 611 egisse
1078 532 1178 592 Iesum

174 634 343 695 Christum:
365 634 469 694 exinde
490 633 672 711 praedicasse
690 654 795 694 novam
815 635 916 711 legem,
931 639 962 692 et
982 652 1087 692 novam
1108 651 1178 711 pro-

173 732 341 793 missionem
355 731 440 809 regni
450 733 604 804 caelorum,
613 731 742 793 virtutes
754 730 864 805 fecisse,
879 730 1072 802 crucifixum,
1086 729 1179 790 tertia

173 831 222 891 die
246 830 458 905 resurrexisse,
489 831 521 889 in
542 831 636 892 caelos
663 836 797 909 ereptum
824 830 933 890 sedisse
960 830 998 889 ad
1025 829 1206 904 dexteram5

174 929 293 1004 Patris;
315 928 429 990 misisse
442 929 583 989 vicariam
596 931 658 989 rim
680 928 812 1007 Spiritus
833 928 944 1001 Sancti,
959 927 1012 1006 qui
1027 929 1178 988 credentes

174 1034 264 1106 agat3
285 1024 445 1089 venturum
460 1048 527 1087 cum
541 1028 678 1088 claritate
692 1027 899 1088 adsumendos
918 1031 1033 1087 sanctos
1050 1027 1082 1085 in
1098 1026 1178 1086 vitae

173 1131 310 1187 aeternae
331 1133 362 1187 et
379 1126 588 1204 promissorum
607 1126 778 1186 caelestium
791 1127 930 1199 fructum,
946 1130 977 1186 et
991 1125 1029 1185 ad
1041 1125 1179 1203 profanos

173 1225 345 1285 indicandos
365 1224 430 1303 igni
450 1229 601 1304 perpetuo,
625 1226 703 1284 facts
724 1223 996 1302 utriusquepartis
1021 1223 1178 1283 resuscita·

174 1324 256 1384 tione
284 1344 350 1384 cum
372 1324 468 1384 carnis
490 1323 688 1385 restitutione.
730 1325 813 1384 Haec
838 1325 979 1402 regulae
1001 1322 1128 1395 Christo,
1144 1329 1179 1383 ut
1192 1340 1225 1381 ιο

174 1422 355 1503 probabitur,
372 1422 511 1483 instituta
529 1423 625 1482 nullas
642 1423 731 1483 habet
746 1423 827 1502 apud
844 1443 897 1482 nos
913 1421 1106 1500 quaestiones,
1121 1421 1180 1481 nisi

175 1543 248 1600 quas
261 1521 395 1582 haereses
408 1521 548 1595 inferunt,
564 1527 594 1582 et
608 1543 682 1600 quae
696 1521 857 1583 haereticos
872 1521 993 1582 faciunt.

558 1802 694 1862 CAPUT
715 1804 797 1864 XIV.

217 1961 375 2023 Carneum
395 1969 530 2024 manente
551 1964 645 2024 forma
673 1965 737 2025 eius
765 1965 797 2024 in
825 1986 878 2026 sno
900 1965 1011 2040 ordine,
1035 1970 1180 2044 qnantum

175 2061 250 2122 libet
280 2082 404 2140 quaeras
431 2067 462 2122 et
489 2067 599 2123 tractes
624 2068 655 2123 et
685 2084 801 2123 omnem
824 2063 977 2124 libidinem
1002 2063 1181 2124 curiositatis

177 2160 318 2234 effundas,
337 2160 363 2219 si
387 2160 460 2237 quid
482 2161 539 2220 tibi
558 2160 677 2222 videtur
699 2162 746 2222 vel
764 2162 957 2241 ambiguitate
981 2164 1115 2240 pendere,
1134 2162 1182 2222 vel
1197 2179 1226 2230 15

175 2258 355 2319 obscuritate
369 2259 546 2320 obumbrari.
587 2260 646 2321 Est
656 2261 760 2338 utique
770 2262 862 2320 frater
872 2260 966 2339 aliqui
975 2262 1077 2321 doctor
1085 2260 1183 2339 gratia

177 2356 317 2418 scientiae
340 2358 486 2418 donatus:
512 2363 558 2418 est
578 2357 671 2436 aliqui
691 2359 770 2419 inter
790 2359 963 2420 exercitatos
984 2365 1182 2433 conversatus,

178 2548 285 2610 Nicone,
297 2564 332 2610 or,
345 2548 440 2610 rather,
452 2549 699 2614 prae-Augustinien
710 2549 823 2601 fathers:
841 2552 860 2601 J
861 2556 908 2600 nst.
918 2550 999 2600 Mart.
1007 2548 1082 2602 Diei.
1092 2550 1131 2615 56,
1142 2567 1182 2616 59,

177 2627 208 2677 61
221 2642 227 2687 ;
244 2627 311 2676 Tert.
323 2627 398 2691 again
409 2627 468 2676 odo.
477 2628 559 2679 Prae.
571 2642 618 2690 13;
635 2629 693 2678 odo.
703 2628 786 2678 Marc.
795 2629 821 2678 ii.
833 2641 878 2693 ης
894 2630 930 2680 iii.
943 2645 974 2695 93
991 2631 1059 2679 Iren.
1071 2631 1108 2681 iii.
1118 2629 1142 2679 6.
1153 2644 1182 2690 13

178 2706 211 2755 iv.
227 2715 249 2769 7.
261 2719 293 2768 43
310 2705 389 2756 clem.
400 2706 476 2756 Alex.
489 2706 568 2756 Pced.
579 2707 596 2756 i.
611 2717 642 2771 73
658 2706 770 2770 Theoph.
788 2707 919 2759 odActol.
933 2709 959 2757 ii.
973 2723 1020 2771 313
1037 2709 1112 2774 Cypr.
1124 2710 1183 2759 ade·

178 2783 237 2833 Iud.
250 2784 276 2831 ii.
289 2795 303 2844 5
313 2781 345 2843 f.;
362 2783 433 2847 cyril
442 2784 493 2834 Ier.
508 2784 609 2835 Oatech.
623 2797 661 2833 10.
690 2783 768 2834 After
778 2785 830 2834 this
840 2787 904 2836 view
915 2786 967 2835 had
977 2788 1041 2836 been
1052 2787 1146 2836 turned
1155 2791 1184 2836 to

178 2861 261 2910 Arian
283 2876 402 2925 purposes
423 2861 568 2926 Augustius
588 2863 629 2925 (de
654 2863 722 2911 Tria.
744 2863 782 2913 iii.
807 2865 850 2926 ιι)
870 2864 1027 2914 maintained
1048 2866 1107 2914 that
1124 2866 1183 2914 ‘the

178 2939 353 3004 Theophanios
369 2956 436 2989 were
451 2947 498 2989 not
512 2940 593 2990 direct
608 2957 775 3004 appearances
788 2942 816 2991 of
823 2959 839 2991 a
850 2942 946 2992 Person
956 2944 984 2992 in
994 2943 1039 2993 the
1049 2944 1182 3005 Godhead,

178 3017 226 3067 but
244 3016 508 3068 seli-manifestatione
531 3019 559 3068 of
578 3019 636 3068 God
656 3020 766 3085 through
789 3036 805 3069 a
826 3021 929 3070 created
949 3020 1041 3087 being!
1074 3022 1182 3083 Liddon,

178 3096 309 3160 Bompton
321 3095 379 3146 lect.
391 3113 416 3161 p.
428 3097 467 3160 58.
502 3097 587 3162 Comp.
599 3097 726 3149 Athenas.
738 3100 770 3148 de
781 3115 849 3149 conc.
860 3100 942 3149 Arim.
959 3099 1027 3164 apud
1038 3100 1094 3150 Lib.
1107 3101 1183 3151 Foth.

178 3191 202 3239 p.
217 3179 342 3234 120,note
350 3189 378 3237 9.

214 3266 236 3301 a.
253 3255 353 3314 egisse,
366 3253 450 3302 ‘lived
460 3254 511 3303 and
522 3255 597 3304 acted
604 3270 632 3304 as
643 3254 663 3303 J
664 3270 721 3303 esus
732 3252 834 3304 cinit!
862 3253 983 3321 ‘Egisse'
994 3256 1016 3305 is
1024 3256 1068 3306 the
1079 3257 1184 3322 reading

179 3329 208 3380 of
216 3331 300 3395 Aqola,
311 3331 396 3390 Laid,
410 3330 498 3389 Rhea„
514 3332 690 3398 Gcnq.,1lip.;
707 3333 758 3383 and
775 3335 886 3397 opereis
903 3334 964 3384 thus
981 3335 1043 3384 used
1054 3335 1129 3400 Apol.
1144 3349 1184 3396 10,

180 3418 224 3472 373
240 3410 272 3458 de
283 3409 335 3458 erle.
348 3413 409 3459 caet.
423 3421 444 3473 7.
481 3411 595 3461 ‘Exisse'
607 3428 659 3461 was
670 3412 717 3461 the
728 3411 872 3475 conjecture
882 3413 911 3463 ol
919 3413 994 3462 Folo.
1008 3413 1121 3475 Ursinus,
1132 3413 1184 3463 and

180 3487 202 3536 is
213 3487 324 3551 adopted
336 3489 370 3552 by
384 3486 483 3539 Ochler.

211 3581 235 3628 4.
253 3564 525 3628 virtutes=evvdpcq
546 3567 711 3618 ‘miracula’z
737 3583 764 3616 eo
779 3567 870 3629 below,
890 3568 941 3620 chs.
963 3582 1003 3630 20,
1022 3582 1059 3634 29,
1079 3581 1117 3632 30,
1137 3583 1184 3639 443

178 3642 256 3708 Apol.
271 3643 300 3691 18
314 3642 354 3708 (ol
362 3644 407 3693 the
417 3646 532 3695 miracles
543 3646 572 3695 of
581 3647 611 3696 Ο.
620 3646 648 3695 Τ.
661 3645 801 3710 prophete).

213 3736 237 3786 9.
253 3724 404 3781 utriusque
415 3727 514 3784 partis,
525 3723 542 3772 i.
550 3741 572 3775 c.
585 3726 747 3773 ‘sanctornm
757 3729 836 3788 atque
847 3722 1024 3790 profanorum!

212 3801 294 3850 Ossr.
308 3800 455 3850 XIV.-16.
473 3806 580 3853 doctor.
608 3802 655 3852 See
666 3808 733 3864 note,
746 3803 786 3856 ch.
799 3815 823 3865 3.

406 3885 422 3929 ⁸
652 3904 673 3946 n
