2768 4358
212 259 274 319 140
605 239 806 306 Tertulliani
1079 249 1152 314 [cu.
1169 253 1212 300 1v.

209 411 339 470 militum
354 411 533 471 orationibus
550 412 588 471 ad
602 413 699 472 Deum
713 413 798 472 factis
812 411 922 471 imbres
936 410 968 470 in
984 410 1035 470 siti
1055 411 1108 471 illa
1126 412 1215 487 impe·

208 509 309 569 travit.
345 509 469 584 Quando
480 530 538 569 non
546 509 811 588 geniculationibus
822 515 853 570 et
863 509 1095 569 ieiunationibus
1104 508 1215 568 nostris

209 608 299 666 etiam
313 606 458 666 siccitates
472 612 541 666 sunt
556 607 713 684 depulsael
755 609 838 666 Tunc
856 614 887 667 et
903 608 1028 685 populus
1047 607 1214 666 adclamans

209 705 272 764 Deo
292 705 419 776 deorum,
436 705 487 782 qui
508 706 587 765 solus
607 711 721 784 potens,
736 706 768 765 in
788 705 867 766 Iovis
888 705 1005 764 nomine
1029 706 1092 764 Deo
1112 709 1215 764 nostro

182 804 412 869 itastimonium
437 795 576 864 reddidit.
619 805 741 864 Praeter
766 807 837 864 haec
861 805 1029 882 depositum
1050 826 1109 863 non
1126 803 1214 864 abne-

208 924 321 981 gamus,
355 903 575 963 matrimonium
613 902 723 964 nullius
759 904 966 974 adulteramus,
1003 903 1132 981 pupillos
1166 901 1214 980 pie

209 1008 379 1072 tractamus,
394 999 595 1076 indigentibus
614 1000 831 1080 refrigeramus,
847 1001 924 1059 nulli
940 1002 1049 1060 malum
1069 1022 1123 1079 pro
1138 1000 1215 1058 malo

209 1099 366 1157 reddimus.
409 1097 555 1172 Viderint,
580 1101 630 1177 qui
654 1105 763 1159 sectam
788 1100 978 1173 mentiuntur,
1003 1121 1074 1178 quos
1100 1103 1131 1158 et
1158 1097 1215 1177 ipsi

209 1216 384 1256 recusamus.
428 1195 503 1270 Quis
523 1197 650 1274 denique
673 1199 708 1256 de
732 1198 817 1257 nobis
840 1197 898 1257 alio
920 1198 1036 1257 nomine
1059 1197 1215 1276 quem'turl

166 1316 197 1351 10
210 1295 297 1370 Quod
321 1295 403 1354 aliud
427 1296 577 1372 negotium
600 1296 714 1374 patitur
736 1296 930 1369 Christianus,
952 1296 1012 1357 nisi
1033 1317 1101 1356 suae
1121 1302 1215 1356 sectae

209 1415 298 1472 quam
323 1393 474 1466 incestam,
490 1415 578 1472 quam
602 1396 758 1469 crudelem,
779 1401 865 1456 tanto
889 1400 1019 1474 tempore
1043 1415 1129 1454 nemo
1148 1414 1216 1472 prc-

209 1493 314 1552 bavitl
349 1493 406 1552 Pro
416 1497 500 1552 tanta
510 1493 689 1567 innocentia,
698 1515 752 1571 pro
760 1499 847 1554 tanta
855 1493 1013 1571 probitate,
1026 1514 1080 1571 pro
1090 1491 1215 1564 iustitia,

210 1611 264 1668 pro
278 1588 433 1668 pudicitia,
447 1611 502 1668 pro
516 1590 581 1662 fide,
592 1611 646 1668 pro
660 1589 796 1662 veritate,
806 1611 860 1669 pro
869 1591 933 1650 Deo
944 1590 1021 1663 vivo,
1033 1610 1216 1664 cremamur,

211 1692 288 1768 quod
308 1711 360 1749 nec
376 1689 516 1767 sacrilegi,
529 1710 582 1750 nec
599 1691 696 1750 hostes
710 1690 823 1768 publici
837 1690 908 1763 veri,
923 1711 976 1749 nec
990 1695 1037 1749 tot
1050 1688 1216 1749 maiestatis

211 1843 255 1892 the
266 1843 358 1892 Senate
367 1842 452 1892 would
461 1842 493 1890 be
504 1841 583 1891 found
591 1858 682 1906 among
691 1841 735 1890 the
743 1842 857 1890 archivus
866 1841 983 1891 audibat
994 1843 1015 1890 it
1023 1842 1106 1891 would
1114 1841 1217 1891 contaIn

212 1939 228 1971 a
238 1921 363 1971 reference
374 1926 401 1970 to
411 1920 456 1969 the
465 1920 613 1972 Christiana.
641 1921 684 1970 He
692 1921 809 1970 nowhere
817 1920 903 1969 claims
912 1925 940 1969 tc
948 1921 1013 1970 have
1022 1937 1081 1970 seen
1089 1920 1133 1969 the
1141 1921 1217 1970 letter

212 2000 334 2060 however,
345 2000 396 2048 and
412 1999 456 2048 the
469 1999 547 2049 latter
563 2004 621 2064 part
636 2000 665 2048 of
678 1999 717 2048 his
733 1999 877 2062 conjecture
894 1999 915 2047 is
926 2000 1050 2063 certainly
1061 1999 1214 2051 unicunded.

212 2078 336 2128 Merivale
347 2078 415 2128 Hiat.
428 2078 501 2127 Rom.
513 2077 567 2127 viii.
580 2081 642 2141 33&
660 2077 792 2143 Lightfoot
803 2077 924 2142 Ignattus
934 2077 951 2126 i.
963 2079 1011 2142 485
1024 2077 1052 2128 ff.

246 2171 268 2218 3.
286 2159 428 2206 siccitates
439 2161 507 2205 sunt
520 2160 660 2214 depulsae.
695 2157 781 2222 Gomp.
796 2156 873 2222 Apol.
884 2172 925 2220 4ο.

246 2250 269 2299 5.
286 2239 482 2284 testimonium
492 2239 626 2284 reddidit.
659 2235 706 2286 See
716 2240 788 2284 notes
798 2235 880 2300 Apol.
894 2249 932 2298 14,
945 2234 986 2299 46.

279 2317 440 2371 depositum
451 2328 510 2362 non
524 2317 705 2372 abnegamus.
739 2314 785 2363 See
797 2319 857 2363 note
867 2315 907 2364 ch.
921 2327 943 2362 r.

245 2392 269 2443 6.
287 2396 404 2442 nullius.
438 2391 485 2441 See
495 2397 554 2442 note
565 2392 605 2442 ch.
618 2406 640 2443 2.

277 2474 402 2529 pupillos
425 2473 471 2528 pie
494 2476 655 2522 tractamus.
694 2471 781 2535 Gomp.
803 2470 919 2531 Iuvenal,
940 2469 974 2519 vi.
995 2468 1044 2518 628
1064 2471 1091 2521 ff.
1112 2469 1151 2519 for
1173 2469 1216 2519 the

212 2550 318 2613 dangers
337 2549 468 2614 menscing
486 2549 540 2599 rich
558 2550 640 2598 warda
658 2549 722 2598 from
738 2550 783 2599 the
803 2548 902 2599 avarica
923 2548 952 2598 of
968 2548 1035 2597 their
1053 2549 1172 2598 relatives
1189 2564 1217 2598 or

212 2627 354 2693 guardiam.

246 2718 269 2770 7.
285 2709 491 2767 refrigeramus,
510 2707 564 2756 ‘we
580 2704 689 2766 relieve,'
709 2705 848 2755 ‘refresh’:
874 2707 896 2755 it
913 2704 934 2755 is
950 2721 966 2754 a
981 2721 1095 2755 common
1113 2704 1173 2754 verb
1189 2705 1217 2753 in

211 2785 360 2844 Tertullian,
369 2801 397 2833 as
411 2786 464 2834 also
476 2783 522 2834 the
533 2785 614 2834 subst.
626 2784 814 2848 ‘refrigerium'
822 2800 829 2844 ;
846 2784 927 2849 Apol.
941 2799 981 2848 39,
994 2801 1042 2850 493
1061 2785 1118 2834 adv.
1130 2785 1217 2834 Marc.

212 2863 248 2911 iii.
267 2877 305 2928 24,
322 2864 355 2911 iv.
375 2862 404 2911 16
414 2879 421 2922 ;
438 2864 470 2912 dc
485 2862 547 2912 tuot.
568 2877 614 2926 13;
634 2863 707 2913 Puer.
726 2863 754 2911 S.
772 2863 852 2928 Pcrp.
867 2876 889 2923 1,
902 2877 924 2925 3,
937 2876 967 2925 5;
983 2864 1013 2912 cle
1030 2863 1108 2912 anim.
1122 2877 1169 2926 513
1186 2864 1217 2912 de

213 2943 290 2991 mita.
305 2955 350 3001 103
371 2943 428 2990 adv.
441 2940 522 2992 Prae.
536 2941 574 2991 16.

278 3023 352 3068 nulli
363 3023 476 3082 malum,
490 3019 532 3070 dre.
566 3021 640 3069 Rom.
651 3019 693 3069 xii.
708 3031 745 3083 17.

246 3100 269 3148 8.
287 3101 435 3147 Viderint:
454 3113 496 3148 sea
508 3103 568 3148 note
579 3100 609 3148 de
616 3114 734 3162 praescr.
748 3097 817 3148 taor.
832 3107 855 3162 7.

279 3192 349 3236 quos
371 3182 401 3227 et
419 3179 477 3234 ipsi
498 3193 667 3228 recusamus.
704 3177 822 3227 Heretics
841 3194 869 3226 or
886 3176 1057 3241 delinquente,
1078 3177 1134 3227 who
1151 3193 1218 3227 were

214 3253 445 3304 excommunicated
453 3271 460 3316 ;
477 3270 558 3320 comp.
567 3254 647 3319 Apol.
656 3270 697 3320 39,
707 3269 748 3320 44,
760 3253 810 3318 46;
827 3255 857 3305 de
867 3255 954 3319 pudic.
968 3270 992 3318 3,
1006 3256 1051 3317 183
1068 3257 1099 3305 de
1106 3272 1181 3320 paen.
1194 3253 1218 3320 d

213 3334 268 3383 The
279 3333 380 3383 Ohurch
390 3332 459 3382 oltan
474 3334 581 3384 suffered
596 3333 706 3398 through
723 3333 843 3383 heretical
860 3334 1118 3398 misrapresentations
1132 3334 1159 3382 ol
1173 3334 1219 3382 her

214 3413 346 3473 doctrines,
365 3412 415 3460 and
432 3411 476 3461 the
496 3429 565 3477 grem
584 3412 760 3462 immoralities
779 3413 808 3462 of
824 3413 922 3462 certain
939 3412 1062 3462 heretical
1081 3419 1162 3474 sects;
1187 3412 1219 3460 dc

211 3506 327 3557 praescr.
340 3491 409 3540 tarr.
420 3506 451 3554 43
469 3491 561 3541 Eusab.
572 3490 607 3542 iv.
621 3500 643 3555 7.

249 3585 272 3634 9.
290 3573 346 3618 alio
363 3573 486 3618 nomine.
520 3568 597 3633 Apol.
609 3585 651 3633 44.

251 3662 289 3712 14.
307 3651 403 3698 hostes
419 3647 536 3705 publici
569 3648 649 3712 Apol.
662 3661 702 3711 35.

284 3731 353 3778 vari.
389 3727 422 3777 So
444 3727 525 3789 Vinci,
543 3727 627 3790 neit,
645 3725 1027 3791 naa,can9.‚oez.‚1²aa.=
1046 3742 1134 3776 verum
1150 3725 1218 3791 itta,

218 3804 348 3855 Latinior.
