2768 4358
176 252 235 329 esa
253 245 301 311 11.]
549 236 609 301 Ad
627 237 813 320 Martyres·
1117 256 1171 299 111

174 410 306 487 pisoitur.
358 410 427 469 Non
450 408 531 470 vides
556 409 666 470 alienos
691 411 768 482 deos,
792 430 850 468 non
872 408 1051 487 imaginibus
1076 430 1176 468 eorum

175 509 308 580 incurris,
336 529 395 568 non
423 508 576 569 sollemnes
607 510 760 568 nationum
787 509 850 568 dies
878 509 942 584 ipsa
971 507 1177 568 commixtione

175 607 343 683 participas,
359 628 417 666 non
438 606 591 666 nidoribus
606 608 720 684 spurcis
734 606 906 678 verberaris,
922 627 981 665 non
1002 607 1176 667 clamoribus

174 707 412 784 spectaculorum,
435 707 600 778 atrocitate,
622 707 669 765 vel
689 706 794 778 furore,
817 706 864 765 vel
891 705 1076 783 impudicitia
1103 707 1177 765 cele·

173 805 325 864 brantium
346 805 490 865 caederis:
513 805 617 863 nonin
637 806 699 864 loca
719 805 876 863 libidinum
896 804 1080 882 publicarum
1101 806 1205 871 oculi5

174 903 218 961 tui
234 904 420 981 impingunt:
442 924 527 964 vacas
541 925 559 962 a
574 902 728 975 scandalis,
743 925 761 963 a
778 902 1030 981 temptationibus,
1045 923 1063 962 a
1084 923 1177 964 recor·

175 1003 341 1062 dationibus
370 1003 464 1075 malis,
493 1003 552 1062 iam
583 1009 614 1062 et
641 1025 659 1062 a
687 1001 899 1081 persecutione.
952 1002 1018 1062 Hoc
1045 1008 1178 1081 praestat

175 1122 273 1161 carcer
288 1101 464 1173 Christiane,
480 1102 559 1180 quod
573 1123 685 1162 eremus
701 1101 862 1181 prophetis.
904 1101 973 1179 Ipse
988 1101 1131 1161 Dominus
1145 1101 1178 1160 in

176 1220 287 1259 secessu
310 1201 495 1279 frequentius
522 1202 635 1278 agebat,
657 1206 692 1260 ut
719 1201 841 1260 liberius
870 1206 976 1273 oraret,
1000 1206 1035 1260 ut
1063 1200 1177 1260 saeculo

175 1300 298 1360 cederet.
356 1299 491 1359 Gloriam
515 1300 639 1377 denique
668 1318 752 1359 suam
779 1299 932 1377 discipulis
960 1299 991 1357 in
1020 1299 1223 1359 solitudinem

174 1398 394 1457 demonstravit.
426 1399 600 1458 Auferamus
615 1397 737 1457 carceris
751 1418 866 1467 nomen,
881 1418 1021 1457 secessum
1034 1418 1177 1458 vocemus.

175 1496 241 1556 Etsi
262 1517 366 1574 corpus
393 1497 564 1569 includitur,
589 1496 647 1556 etsi
668 1517 735 1556 caro
756 1497 913 1568 detinetur,
936 1496 1035 1556 omnia
1059 1496 1177 1574 spiritui

175 1601 284 1672 patent.
328 1596 442 1672 Vagare
456 1595 573 1674 spiritu,
589 1595 716 1673 spatiare
730 1595 846 1672 spiritu,
862 1600 964 1654 cinon
979 1595 1074 1655 stadia
1088 1617 1178 1674 opaca

175 1700 228 1753 aut
241 1694 372 1770 porticus
386 1695 488 1771 longas
501 1714 685 1772 praeponens
703 1694 770 1765 tibi,
785 1694 835 1754 sed
849 1693 931 1753 illam
945 1693 1029 1766 viam,
1046 1715 1119 1772 quae
1141 1696 1178 1754 ad

176 1793 271 1851 Deum
293 1793 383 1853 ducit.
426 1793 654 1868 Quotienseam
679 1793 786 1871 spiritu
809 1792 1048 1865 deambulaveris,
1068 1793 1177 1853 totiens
1192 1813 1222 1864 15

175 1891 206 1949 in
222 1911 335 1951 carcere
349 1912 407 1951 non
422 1891 487 1951 eris.
529 1891 615 1951 Nihil
630 1911 696 1951 crus
712 1891 803 1950 sentit
816 1891 848 1949 in
862 1911 960 1964 nerv0,
975 1911 1042 1950 cum
1062 1890 1177 1951 animus

175 1990 207 2046 in
231 1990 309 2048 caelo
334 1997 386 2049 est.
428 1990 533 2049 Totum
555 1990 701 2049 hominem
727 1989 841 2049 animus
867 1989 1043 2062 circumfert,
1066 1995 1097 2049 et
1119 2011 1177 2066 quo

209 2168 231 2215 3.
249 2157 398 2204 nidoribus
417 2158 527 2211 spurcis
547 2157 715 2204 verberaris.
749 2155 836 2218 Gomp.
854 2154 899 2204 the
919 2155 1070 2218 description
1090 2154 1118 2204 of
1133 2155 1177 2204 the

175 2232 316 2296 ‹lisgusting
326 2247 411 2281 soenes
422 2237 449 2280 at
461 2249 476 2281 a
487 2232 592 2296 popular
603 2231 714 2291 festival,
725 2231 804 2296 Apol.
817 2246 858 2296 35.

207 2328 231 2374 4.
249 2300 412 2360 atrocitate:
430 2326 463 2360 rc.
475 2310 503 2358 in
513 2326 597 2370 arena,
611 2326 653 2359 see
664 2309 740 2375 Apol.
754 2311 792 2372 38.

240 2391 350 2438 furore:
367 2387 480 2438 inciroo.

125 2474 140 2524 l
241 2469 436 2524 impudicitia:
453 2467 599 2516 inthaatro.

208 2544 232 2595 6.
248 2560 332 2594 vacas
343 2560 360 2594 a
371 2548 526 2595 scandalis:
545 2561 585 2593 see
595 2549 655 2594 note
666 2545 754 2606 below,
766 2544 804 2594 oh.
818 2558 840 2607 3.

208 2625 230 2671 8.
248 2626 388 2672 Dominus
399 2625 432 2671 in
442 2637 562 2673 secessu.
596 2623 622 2672 S.
633 2623 711 2672 Mark
722 2623 741 2671 i,
754 2637 794 2685 35,
806 2623 839 2671 vi.
853 2636 893 2686 31,
905 2623 946 2686 46,
958 2623 1000 2673 dcc.

210 2714 247 2750 10.
266 2703 393 2750 Gloriam
403 2737 409 2748 .
419 2737 425 2750 .
437 2738 443 2751 .
453 2703 666 2751 demonstravit.
685 2701 711 2751 S.
720 2701 797 2750 Matt.
807 2700 869 2752 xvii.
881 2715 892 2749 1
901 2702 940 2762 ff.;
950 2701 975 2753 S.
983 2701 1062 2751 Mark
1070 2701 1105 2752 ix.
1115 2718 1127 2752 a
1136 2703 1177 2762 ff.;

175 2780 199 2828 S.
212 2779 284 2827 Luke
294 2780 328 2827 ix.
342 2778 407 2828 28ff.

209 2871 248 2905 11.
265 2872 407 2907 secessum
417 2872 564 2907 vocemus:
582 2863 588 2883 ‘
599 2857 635 2906 let
649 2873 678 2906 us
694 2857 743 2906 call
754 2856 775 2905 it
786 2873 802 2905 a
812 2856 940 2919 retreat'3
957 2859 1001 2908 the
1012 2857 1081 2908 third
1092 2867 1177 2923 aspect

175 2935 203 2983 of
211 2934 256 2984 the
266 2935 381 2999 martyrs’
391 2935 524 2999 prison-a
535 2936 607 2999 place
618 2937 646 2984 of
653 2937 802 2985 retirement
814 2937 851 2985 for
862 2937 980 3000 spiritual
991 2937 1166 2988 reireshment.

209 3027 246 3076 13.
263 3017 373 3072 Vagare
402 3017 515 3072 spiritu.
560 3015 658 3064 Vocare
686 3016 797 3079 spiritus,
825 3015 913 3075 Viae,
936 3015 1018 3078 Laid,
1040 3016 1113 3066 Flor.
1138 3031 1177 3077 12,

174 3091 247 3141 Flor.
262 3105 319 3157 5²9·

239 3174 358 3227 spiritu:
376 3171 488 3235 spiritus,
501 3169 584 3231 Vinci,
595 3171 679 3231 Laid,
691 3171 766 3221 Flor.
780 3184 820 3230 12,
831 3171 903 3221 Flos.
917 3185 972 3237 529.

240 3251 332 3298 stadia
348 3264 442 3306 opaea.
477 3249 531 3297 The
547 3250 686 3298 recreation
697 3250 777 3298 walks
792 3249 897 3312 planted
908 3249 970 3298 with
986 3255 1053 3299 trees
1067 3266 1135 3298 seem
1150 3256 1177 3298 to

174 3326 206 3375 be
217 3325 381 3389 designated3
398 3326 448 3376 and
459 3327 570 3376 studium
582 3326 604 3375 is
615 3327 737 3392 similarly
748 3327 810 3375 used
823 3325 865 3391 (de
877 3343 927 3377 eor.
939 3326 966 3391 4)
980 3328 1008 3376 of
1016 3326 1060 3377 the
1071 3328 1176 3392 garden-

175 3406 255 3455 walks
271 3407 299 3454 in
317 3404 452 3455 Susanna’s
468 3405 570 3469 gardan.
605 3406 649 3468 Op.
661 3405 775 3469 Propert.
787 3406 822 3454 iv.
836 3418 873 3452 21.
888 3420 918 3470 ²5
938 3405 1011 3455 ‘Illic
1027 3411 1072 3454 aut
1089 3406 1177 3454 stadiis

175 3483 288 3533 animum
299 3484 432 3532 emendare
443 3484 559 3532 Platonis
570 3483 695 3547 Incipiam
707 3489 753 3532 ant
764 3482 855 3545 hortis,
866 3484 939 3533 docte
950 3484 1067 3547 Epicure,
1080 3484 1146 3532 tuis!

240 3565 333 3611 stadia
412 3566 539 3620 porticus
619 3565 704 3612 viam.
747 3561 828 3610 There
845 3562 866 3610 is
886 3579 902 3611 a
920 3562 1046 3611 reference
1062 3562 1090 3609 in
1107 3561 1177 3611 these

174 3640 255 3689 words
275 3644 302 3688 to
320 3639 364 3688 the
383 3640 490 3690 athletio
506 3640 556 3688 and
577 3640 736 3689 intellectual
753 3643 863 3689 contests
882 3640 911 3688 of
930 3640 974 3689 the
993 3640 1104 3689 stadim
1126 3640 1177 3688 and

174 3716 1177 3782 ‘porch,'bothoiwhicharecontrestedwiththe‘Via’throughWhomalona

174 3795 217 3845 the
223 3801 281 3846 true
291 3796 422 3845 ‘brabium
431 3797 438 3817 '
449 3796 523 3846 could
531 3797 563 3845 be
571 3796 671 3860 gained.
696 3797 722 3846 S.
732 3796 803 3846 John
811 3797 864 3846 xiv.
873 3795 889 3844 6
898 3799 905 3824 ‘
913 3795 967 3861 Ego
976 3811 1032 3845 sum
1039 3793 1109 3858 Via,'
1116 3795 1159 3846 irc.
