2768 4358
214 265 276 329 166
538 265 885 330 Pseudo-Tertulliani
1057 273 1129 338 [cir.
1145 277 1215 329 vm.

211 438 297 499 aliam
312 437 523 517 blasphemiam
540 460 599 498 non
617 457 804 509 communem,
817 437 867 497 sed
881 436 1056 516 peculiarem
1071 441 1102 495 et
1115 456 1216 498 suam:

211 544 242 600 et
256 559 437 598 communem
456 538 574 616 quidem
591 537 680 610 illam,
696 535 800 614 quain
817 536 956 613 apostolis
977 535 1095 612 quidem
1117 535 1216 597 dicant

212 635 358 715 Spiritum
381 637 520 697 Sanctum
546 632 647 709 luisse,
676 635 859 695 Paracletum
886 655 945 692 non
972 635 1073 705 fuisse,
1099 640 1130 694 et
1158 656 1216 713 qua

211 735 311 795 dicant
325 737 508 796 Paracletum
522 736 610 815 plura
623 734 654 793 in
669 735 809 793 Montano
831 733 939 792 dixisse
960 753 1049 810 quam
1064 732 1216 794 Christum

182 853 197 904 5
211 834 243 893 in
254 836 438 912 evangelium
451 836 613 914 protulisse,
625 855 678 892 nec
693 839 810 893 tantum
823 833 917 912 plura,
929 832 979 891 sed
992 831 1082 891 etiam
1096 832 1216 892 meliora

210 941 298 1013 atque
321 936 439 995 maiora.
482 935 633 994 Privatam
656 939 755 993 autem
775 931 986 1009 blasphemiam
1007 931 1061 1004 illi,
1076 931 1128 1009 qui
1145 936 1215 992 sunt

210 1034 290 1093 Kata
315 1033 491 1093 Aeschinem
515 1033 591 1091 hanc
615 1032 725 1090 habent
749 1051 806 1108 qua
827 1029 958 1088 adiciunt
983 1029 1072 1088 etiam
1096 1029 1158 1103 hoc,
1180 1035 1216 1090 ut

210 1131 310 1191 dicant
325 1131 476 1192 Christum
490 1132 590 1209 ipsum
603 1149 665 1190 esse
679 1129 788 1188 Filium
802 1136 832 1188 et
849 1128 974 1187 Patrem.

591 1396 725 1457 CAPUT
745 1397 835 1456 VIII.

249 1540 311 1599 Esr
332 1546 483 1619 praeterea
505 1541 551 1601 his
575 1542 710 1600 omnibus
731 1541 820 1600 etiam
844 1539 965 1600 Blastus
992 1539 1138 1611 accedens,
1162 1537 1213 1616 qui

166 1658 198 1697 ro
208 1640 335 1700 latenter
362 1640 545 1700 Iudaismum
569 1640 635 1700 vult
663 1641 856 1699 introducere.
898 1639 1009 1698 Pascha
1036 1638 1115 1697 enim
1142 1637 1214 1697 dicit

208 1759 267 1797 non
310 1737 397 1797 aliter
439 1737 662 1799 custodiendum
706 1759 776 1811 esse,
815 1737 872 1797 nisi
918 1738 1077 1798 secundum
1119 1738 1213 1814 legem

210 1836 307 1912 Moysi
318 1837 399 1895 XIV.
414 1837 528 1896 mensis.
564 1837 637 1912 Quis
652 1843 750 1896 autem
765 1836 883 1907 nesciat,
899 1838 1035 1914 quoniam
1047 1834 1214 1912 evangelica

208 1935 305 2014 gratia
319 1941 484 2009 evacuatur,
501 1936 526 1995 si
541 1936 578 1995 ad
592 1935 685 2013 legem
700 1935 852 1994 Christum
867 1935 994 2012 redigitl

249 2029 372 2089 Accedit
392 2030 438 2089 his
461 2031 626 2089 Theodotus
647 2030 811 2091 haereticus
826 2030 1007 2107 Byzantius:
1030 2031 1081 2109 qui
1096 2040 1212 2110 postea·
1307 2066 1310 2073 ·

164 2150 193 2202 15
208 2144 296 2202 quam
331 2124 490 2198 Christum,
525 2145 579 2202 pro
618 2125 735 2185 nomine
773 2123 980 2202 adprehensus,
1016 2127 1144 2203 negavit,
1179 2127 1212 2186 in

241 2337 264 2386 3.
281 2325 462 2373 Paracletum
484 2340 543 2373 non
566 2326 663 2374 fuisse.
699 2324 785 2386 Comp.
803 2325 870 2374 Iren.
891 2321 928 2372 iii.
950 2335 988 2373 11.
1012 2337 1052 2384 12,
1072 2324 1157 2374 where
1178 2325 1212 2374 he

206 2400 321 2464 explains
339 2402 382 2450 the
401 2402 544 2451 Montanist
563 2402 687 2466 rejection
710 2403 738 2451 of
756 2402 782 2452 S.
802 2399 891 2451 John's
911 2401 1004 2466 Gospel
1022 2419 1050 2451 as
1068 2403 1117 2452 due
1135 2411 1163 2452 to
1178 2405 1212 2454 its

206 2480 353 2543 containing
364 2480 409 2529 the
421 2480 529 2544 promise
540 2481 569 2530 ol
580 2481 624 2530 the
640 2481 772 2528 Paraclete
784 2485 811 2528 to
824 2480 868 2528 the
884 2480 1012 2543 Apostles,
1025 2481 1076 2530 and
1087 2481 1212 2532 therefore

206 2558 349 2621 traversing
360 2556 507 2608 Montanus'
519 2559 645 2610 exclusive
656 2560 732 2609 claim
743 2563 769 2607 to
780 2559 830 2608 His
838 2559 996 2623 inspiration.

239 2636 323 2685 Cusr.
340 2637 479 2702 VIII.—9.
497 2641 619 2688 Blastus.
655 2639 683 2688 It
705 2653 811 2701 appears
833 2637 897 2685 from
919 2637 1022 2686 Pacian.
1042 2637 1125 2701 Epist.
1145 2652 1156 2686 1
1175 2638 1211 2688 ad

205 2712 306 2778 Sympr.
323 2714 382 2762 that
405 2715 508 2764 Blastus
531 2715 575 2764 the
592 2716 677 2766 Greek
691 2733 743 2765 was
760 2731 775 2765 a
795 2715 936 2764 Montanist
953 2730 980 2762 as
998 2715 1053 2763 wall
1070 2731 1086 2764 a
1103 2715 1209 2775 Quarta·

206 2790 328 2841 deciman.
357 2792 400 2840 He
411 2792 481 2841 lived
492 2793 613 2858 probably
624 2795 651 2842 in
663 2795 706 2843 the
718 2795 858 2857 episcopata
870 2792 898 2840 of
906 2792 1003 2852 Victor,
1016 2806 1041 2840 a.
1049 2806 1075 2842 n.
1089 2795 1210 2859 189-198.

206 2869 327 2917 Irenaeus
342 2870 477 2919 addressed
493 2877 520 2920 to
534 2872 588 2920 him
603 2888 636 2922 an
651 2873 749 2936 Epistle
761 2873 817 2922 ‘On
831 2868 946 2932 schism:
957 2887 1014 2921 now
1030 2872 1096 2934 lost;
1117 2872 1210 2923 Euseb.

205 2946 368 3009 EE.v.13,
383 2961 420 2996 ro.

240 3039 278 3088 13.
298 3032 459 3076 evacuatur.
493 3027 612 3078 Sernota
623 3029 663 3079 ch.
677 3043 699 3079 r.

240 3117 278 3167 14
297 3107 469 3153 Theodotus.
509 3107 534 3154 A
553 3106 746 3157 leather-cutter
764 3107 792 3155 of
805 3103 966 3169 Byzantium,
985 3105 1043 3155 who
1060 3105 1151 3156 denied
1171 3106 1211 3156 his

204 3180 269 3231 saith
286 3182 378 3246 during
395 3199 411 3231 a
426 3184 588 3247 persecution
605 3186 632 3234 in
649 3186 688 3234 his
704 3185 792 3234 native
808 3185 867 3247 city,
883 3185 933 3234 lled
947 3189 973 3232 to
987 3185 1076 3241 Rome,
1091 3185 1143 3235 and
1159 3202 1210 3235 was

205 3262 437 3310 excommunicated
454 3262 546 3327 during
562 3263 606 3312 the
623 3265 764 3329 episcopata
780 3263 809 3312 of
821 3264 910 3312 Victor
927 3263 966 3310 for
982 3263 1102 3327 teaching
1119 3264 1209 3328 psilan-

203 3337 303 3402 thropic
324 3340 403 3388 views
428 3340 456 3389 of
481 3341 525 3390 the
548 3341 642 3402 Christ,
666 3342 749 3391 whom
771 3343 803 3391 he
823 3341 1007 3405 distinguished
1030 3341 1094 3390 from
1123 3344 1208 3392 desua.

204 3417 360 3481 Hippolytus
385 3417 484 3468 Philus.
507 3418 551 3469 vii.
576 3433 624 3483 353
651 3420 732 3470 Littlc
759 3421 853 3485 Lobyr.
883 3420 956 3485 apud
985 3420 1078 3471 Euseb.
1107 3437 1133 3470 v.
1164 3423 1209 3481 283

204 3495 329 3560 Epiphan.
341 3495 423 3545 Haer.
436 3510 477 3560 54.

239 3587 277 3636 15.
297 3577 449 3626 Christum.
494 3575 577 3637 Lete,
596 3577 728 3642 Hirsaup,
746 3578 842 3628 Rham:
866 3577 961 3626 Christi
983 3577 1099 3639 Patara,
1123 3579 1208 3640 Gora,

204 3649 270 3711 Vct,
288 3653 382 3715 Gany,
396 3653 458 3711 aei..
470 3654 557 3714 Pam,
571 3656 629 3720 Rip.

269 3734 471 3788 adprehensus.
505 3733 591 3795 aar,
609 3734 745 3797 Hiraocp,
764 3735 881 3795 Patara,
900 3735 984 3797 Gora,
1002 3735 1092 3796 Rhea,
1116 3735 1206 3800 Gany,

205 3806 273 3860 Get:
290 3810 483 3873 comprehensus
500 3812 567 3874 Vct,
579 3812 664 3874 Pom,
677 3812 739 3876 1259.
