2768 4358
161 251 221 300 cm.
238 243 272 310 1.]
406 235 579 300 Adversus
602 235 721 300 Omnes
743 235 914 300 Haereses.
1107 249 1165 317 151

161 406 390 485 prophetarum
412 427 498 484 quem
512 406 609 466 Deum
624 410 720 482 negat,
736 404 787 464 sed
806 406 943 483 angelum
965 404 1046 465 dicit.
1089 403 1169 464 Huic

161 506 266 584 sortito
280 505 427 582 ¹obtigisse
448 525 546 564 semen
565 504 710 578 Abrahae,
735 511 824 582 atque
846 504 913 564 ideo
934 505 1011 564 hunc
1032 505 1068 566 de
1089 511 1169 564 terra

161 599 293 677 Aegypti
311 600 388 658 filios
402 600 495 659 Israel
509 598 664 659 interram
679 598 821 659 Chanaan.
839 599 1035 659 transtulisse.
1079 600 1168 658 Hunc

161 700 405 759 turbulentiorem
420 719 490 777 prae
505 698 609 758 ceteris
624 699 746 776 angelis,
760 702 849 776 atque
870 698 936 758 ideo
956 705 987 759 et
1008 697 1168 758 seditiones

161 799 331 875 frequenter
352 804 382 857 et
401 798 479 857 bella
502 804 665 870 concutere,
688 798 740 879 sed
760 803 790 857 et
809 797 971 857 humanum
996 798 1167 874 sanguinem
1178 824 1193 874 5

161 897 290 957 frmdere.
335 896 487 956 Christum
508 900 605 956 autem
626 917 685 955 non
704 897 741 955 ab
756 896 810 956 hoc
824 896 876 973 qui
892 896 997 956 fecerit
1017 897 1166 969 mundum,

162 996 213 1055 sed
238 995 275 1055 ab
302 995 353 1054 illo
377 994 499 1054 Abraxa
523 994 646 1054 missum
668 993 781 1054 venisse
808 994 840 1052 in
867 994 1079 1072 phantasmate,
1105 993 1168 1055 sine

162 1093 328 1154 substantia
348 1093 442 1153 carnis
462 1093 569 1166 fuiss&
594 1094 673 1152 hunc
694 1113 812 1170 passum
834 1115 852 1152 a
872 1093 993 1154 Iudaeis
1014 1115 1073 1153 non
1095 1115 1165 1168 esse,

162 1192 213 1251 sed
227 1192 290 1252 vice
310 1192 403 1270 ipsius
418 1192 567 1252 Simonem
588 1191 760 1252 crucifixum
775 1212 856 1252 esse:
882 1193 960 1253 unde
981 1213 1034 1252 nec
1051 1193 1083 1251 in
1100 1213 1167 1252 eum

162 1290 338 1352 credendum
365 1311 434 1363 esse,
460 1292 511 1368 qui
535 1289 575 1349 sit
602 1289 767 1360 crucifixus,
790 1310 827 1348 ne
852 1291 919 1368 quis
939 1291 1115 1351 confiteatur
1135 1290 1167 1350 in
1183 1313 1214 1348 ro

163 1390 311 1449 Simonem
325 1388 491 1448 credidisse.
535 1387 680 1465 Martyria
694 1395 784 1467 negat
799 1409 861 1448 esse
875 1389 1016 1448 facienda.
1059 1390 1168 1451 Carnis

162 1487 404 1547 resurrectionem
418 1487 549 1564 graviter
562 1486 723 1565 impugnat,
735 1508 846 1565 negans
857 1488 983 1547 salutem
997 1489 1167 1565 corporibus

162 1585 375 1664 repromissam.

204 1684 291 1743 Alter
324 1684 488 1744 haereticus
523 1683 664 1744 Nicolaus
699 1684 826 1744 emersit.
883 1685 944 1745 Hic
980 1685 1016 1744 de
1052 1689 1165 1761 septem

163 1782 301 1855 diaconis,
317 1781 370 1860 qui
389 1783 420 1841 in
441 1782 525 1842 Actis
544 1782 753 1860 Apostolorum
776 1781 875 1842 allecti
896 1787 974 1853 sunt,
996 1781 1063 1840 fuit.
1107 1781 1166 1840 Hic
1183 1804 1211 1856 ¹5

162 1880 235 1940 dicit
248 1882 383 1941 tenebras
396 1879 676 1959 inconcupiscentia
696 1880 826 1954 luminis,
841 1888 871 1940 et
892 1880 1012 1959 quidem
1032 1881 1117 1940 foeda
1137 1887 1166 1939 et

162 1981 284 2038 obscena
305 1979 410 2039 fuisse:
441 2000 478 2039 ex
498 1979 553 2039 hac
574 1980 767 2057 permixtione
789 1981 883 2057 pudor
904 1986 949 2039 est
974 1978 1071 2038 dicere
1094 1998 1167 2055 quae

162 2079 255 2138 fetida
275 2085 306 2138 et
326 2078 476 2138 immunda
496 2078 564 2138 sint.
615 2079 691 2138 Sunt
712 2085 743 2139 et
763 2085 859 2139 cetera
882 2079 1012 2138 obscena.
1053 2076 1167 2136 Aeones

162 2179 238 2236 enim
262 2178 354 2236 refert
381 2176 524 2254 quosdam
551 2177 746 2255 turpitudinis
775 2183 866 2252 natos,
892 2184 923 2236 et
945 2176 1111 2254 complexus
1135 2182 1166 2236 et

161 2276 368 2352 permixtiones
377 2275 576 2347 exsecrabiles,
588 2276 782 2354 obscenosque
793 2275 973 2347 coniunctus,
985 2282 1015 2335 et
1024 2275 1166 2351 quaedam
1180 2295 1212 2331 ιο

68 2413 71 2418 -
162 2394 198 2432 ex
211 2373 283 2450 ipsis
297 2374 392 2433 adhuc
407 2374 550 2451 turpiora.
591 2375 688 2434 Natos
708 2379 861 2450 praeterea
881 2374 1034 2432 daemones
1052 2378 1082 2432 et
1097 2373 1166 2431 deos

162 2479 191 2531 et
214 2472 337 2550 spiritus
359 2477 471 2551 septem
493 2479 523 2533 et
547 2473 605 2532 alia
629 2473 701 2533 satis
723 2473 866 2551 sacrilega
888 2472 1001 2550 pariter
1021 2479 1051 2530 et
1071 2471 1165 2543 foeda,

161 2587 236 2644 qnae
260 2567 368 2626 referre
392 2568 598 2641 erubescimus,
623 2577 653 2628 et
676 2568 736 2626 iam
759 2567 963 2646 praeterimus.
1017 2566 1097 2625 Satis
1122 2571 1166 2624 est

194 2735 217 2785 9.
237 2724 390 2769 Simonem.
436 2721 598 2784 Cyrenaeum.
644 2720 729 2782 comp.
760 2718 886 2783 Epiphan.
918 2719 1000 2768 Haer.
1034 2733 1065 2782 ²4
1098 2716 1166 2780 Οὐχὶ

160 2798 255 2862 Ἰησοῦν
265 2797 367 2862 φάσκων
375 2796 515 2846 πεπονθέναι
528 2795 594 2845 ἀλλὰ
606 2795 701 2858 Σίμωνα
713 2795 759 2844 τὸν
768 2797 909 2860 Κυρηναῖον·
927 2796 968 2844 καί
978 2805 1053 2858 φησιν
1063 2797 1164 2855 ἐκεῖνον,

160 2878 187 2926 ἐν
198 2875 233 2939 τῷ
248 2874 380 2938 βαστάζειν
390 2874 436 2924 ,τὸν
448 2874 559 2938 σταυρόν,
573 2873 818 2938 μεταμεμορφοιιιέναι
831 2876 863 2924 εἰς
879 2875 924 2924 τοῦ
940 2874 1027 2923 ἑαυτοῦ
1043 2871 1111 2936 εἶδος,
1124 2873 1165 2922 καὶ

160 2955 248 3004 ἑαυτὸν
260 2956 292 3004 εἰς
303 2954 348 3003 τὸν
356 2953 460 3016 Σίμωνα·
469 2954 560 3002 ἐκείνου
569 2954 594 3003 δὲ
604 2952 781 3017 στανρωμένον,
790 2952 888 3016 ἑστήκει
897 2951 1053 3016 ιιατάντιιιρνς
1060 2952 1166 3016 ἀοράτως

160 3035 173 3083 ὁ
186 3034 287 3097 Ἰησοῦς,
299 3032 443 3095 καταγελῶν
454 3032 503 3080 τῶν
514 3032 558 3080 τὸν
571 3030 665 3093 Σίμωνα
678 3031 851 3095 στανροὺντων.

195 3126 234 3161 11.
251 3115 399 3170 Martyria,
418 3111 460 3160 duc.
495 3110 557 3160 This
575 3126 625 3160 was
647 3127 662 3159 a
680 3126 796 3159 common
818 3115 887 3159 tenet
903 3111 929 3160 of
947 3110 992 3160 the
1008 3110 1164 3159 antinomian

160 3189 291 3250 Gnostics;
312 3205 391 3254 comp.
409 3190 476 3239 Iren.
493 3189 529 3239 iii.
549 3202 587 3253 19.
605 3205 622 3253 4
637 3189 740 3252 writing
756 3189 782 3237 of
798 3188 842 3238 the
858 3188 985 3238 Docetists
1002 3189 1049 3238 ‘ad
1065 3193 1164 3237 tantam

160 3269 330 3317 temeritatem
346 3269 469 3332 progressi
489 3273 549 3317 sunt
568 3267 671 3332 qnidam
693 3273 723 3316 ut
745 3268 821 3316 etiam
844 3273 967 3331 martyres
990 3272 1117 3331 spernant,
1138 3273 1164 3315 et

159 3347 306 3410 vituperant
317 3361 358 3394 eos
370 3346 414 3409 qui
424 3352 525 3410 propter
536 3346 639 3395 Domini
650 3345 830 3394 confessionem
842 3342 1006 3394 occiduntur?

195 3437 233 3487 14.
251 3427 394 3473 Nicolaus.
428 3423 474 3473 See
484 3429 543 3473 note
553 3425 584 3474 de
591 3440 705 3490 praescr.
717 3424 786 3473 haer.
799 3438 839 3487 33.

195 3503 232 3550 18.
250 3505 370 3550 Aeones.
404 3500 512 3566 Rigalt’s
523 3503 683 3551 emendation
694 3502 724 3552 oi
737 3501 781 3550 the
797 3501 872 3551 MSS.
885 3502 977 3550 Omnes
988 3517 1016 3549 or
1031 3500 1161 3549 Homines.

159 3579 245 3643 Gomp.
257 3578 382 3642 Epiphan.
394 3581 476 3629 Haer.
490 3594 528 3643 25.

194 3673 231 3708 το.
252 3661 444 3716 obscenosque
467 3661 644 3709 coniunctus.
685 3658 741 3708 The
763 3657 838 3708 MSS.
863 3663 963 3722 present
989 3656 1034 3705 the
1059 3656 1163 3721 reading

159 3737 326 3798 obscenasque
337 3737 495 3801 conjunctae,
508 3737 590 3786 which
599 3737 622 3786 is
633 3736 768 3801 explained
778 3738 812 3801 by
821 3737 920 3801 Rigalt,
928 3737 976 3785 but
986 3740 1030 3785 not
1039 3735 1161 3800 justified,

157 3815 415 3865 as=eoaiaaaioaes.
