2768 4358
148 278 353 344 cmxxxru]
382 271 423 335 de
445 269 707 354 Praescrtoticne
729 268 988 336 Haereticorum.
1112 281 1152 352 79

147 441 202 502 hoc
216 441 334 502 Hebion
347 442 519 502 vindicavit.
555 441 739 503 Simonianae
755 448 853 503 autem
866 441 981 521 magiae
995 440 1152 531 disciplina

147 542 258 620 angelis
273 541 410 615 serviens,
422 541 525 621 utiquc
536 547 567 601 et
581 541 645 621 ipsa
659 541 738 602 inter
752 541 932 602 idololatrias
947 541 1151 620 deputabatur,

148 646 179 700 et
193 662 210 700 a
224 641 312 700 Petro
326 640 460 720 apostolo
472 641 506 699 in
521 640 586 719 ipso
603 639 721 701 Simone
736 641 939 700 damnabatur.

502 849 640 912 CAPUT
664 851 805 912 XXXIV.

191 1003 283 1062 Hanc
298 1007 376 1074 sunt,
387 1007 423 1062 ut
434 1001 571 1076 arbitror,
582 1022 690 1080 genera
700 1001 900 1062 doctrinarum
911 1001 1151 1075 adulterinarum,

149 1121 223 1180 quae
237 1100 293 1160 sub
307 1100 447 1178 apostolis
456 1099 546 1161 fuisse
561 1101 597 1160 ab
611 1101 684 1178 ipsis
692 1100 830 1178 apostolis
839 1101 992 1161 discimus:
1014 1105 1044 1162 et
1054 1106 1153 1162 tamen
1167 1116 1180 1168 5

149 1200 262 1261 nullam
275 1199 440 1259 invenimus
450 1199 668 1259 institutionem
681 1199 760 1259 inter
772 1205 819 1259 tot
833 1199 1020 1260 diversitates
1034 1221 1153 1280 perver-

149 1299 279 1372 sitatum,
301 1320 377 1378 quae
399 1301 436 1360 de
458 1301 522 1360 Deo
545 1303 673 1359 creatore
699 1298 904 1359 universorum
928 1301 1155 1361 controversiam

149 1400 282 1459 moverit.
324 1399 417 1460 Nemo
431 1399 556 1481 alterum
566 1399 663 1458 Deum
673 1418 761 1458 ausus
776 1403 821 1457 est
834 1398 987 1477 suspicari.
1028 1399 1155 1460 Facilius

151 1497 187 1558 de
201 1497 278 1558 Filio
292 1518 380 1576 quam
396 1498 432 1558 de
446 1497 537 1558 Patre
556 1497 766 1569 haesitabatur,
781 1497 872 1556 donoc
887 1497 1020 1558 Marcion
1036 1505 1155 1577 praeter

151 1605 311 1657 creatorem
336 1597 428 1656 alium
451 1597 547 1655 Deum
566 1595 655 1655 solius
677 1595 819 1655 bonitatis
839 1595 1012 1671 induceret,
1034 1595 1155 1676 Apelles
1170 1618 1200 1653 10

124 1709 126 1711 ’
151 1701 319 1767 creatorem,
340 1696 477 1774 angelum
501 1695 599 1755 nescio
627 1715 714 1773 quem
737 1695 895 1773 gloriosum
917 1695 1074 1772 superioris
1098 1694 1156 1754 Dei

151 1794 259 1854 faceret
288 1795 384 1854 Deum
411 1794 486 1872 legis
514 1795 550 1855 et
575 1794 702 1866 Israelis,
730 1793 816 1853 illurn
844 1793 963 1872 igneum
991 1795 1154 1866 affirmans3
1205 1865 1211 1874 ·

151 1888 327 1949 Valentinus
341 1889 457 1948 Aeonas
472 1909 538 1948 suos
553 1892 714 1966 spargeret,
730 1887 861 1947 etunius
876 1885 985 1948 Aeonis
999 1888 1104 1947 vitium
1123 1888 1155 1946 in

151 1988 293 2065 originem
317 1987 472 2047 deduceret
493 1987 549 2047 Dei
573 1987 719 2046 creatoris.
761 1986 819 2046 His
841 1986 910 2046 solis
934 1992 964 2046 et
986 1986 1031 2045 his
1051 1987 1156 2064 primis

152 2087 283 2146 revelata
303 2092 348 2146 est
361 2085 472 2145 veritas
491 2084 664 2157 divinitatis,
677 2084 813 2144 maiorem
828 2085 941 2144 scilicet
955 2085 1155 2163 dignationem
1170 2110 1200 2160 15

153 2191 184 2245 et
206 2184 367 2263 pleniorem
387 2185 516 2262 gratiam
540 2205 558 2243 a
580 2184 696 2243 diabolo
718 2183 890 2258 consecutis,
918 2183 970 2262 qui
995 2185 1090 2244 Deum
1114 2185 1156 2244 sic

152 2345 180 2390 to
198 2341 242 2390 the
262 2341 407 2404 Demiurge.
441 2342 491 2391 His
508 2340 668 2406 christology
683 2341 705 2389 is
722 2340 852 2390 described
867 2339 901 2404 by
917 2340 1079 2404 Hippolytus,
1097 2341 1156 2393 ado.

153 2420 224 2470 baar.
235 2436 260 2470 x.
271 2434 302 2485 19
319 2418 367 2469 Τὸν
377 2419 404 2468 δὲ
420 2417 524 2484 Χριστὸν
536 2417 588 2468 υἱὸν
600 2416 659 2468 εἶναι
670 2419 715 2468 τοῦ
729 2419 821 2484 ἀγαθοῦ
836 2416 875 2466 καὶ
887 2415 925 2465 ὑπ’
936 2419 1011 2467 αὐτοῦ
1023 2418 1156 2481 πεπέμφθαι

154 2497 191 2547 ἐπὶ
210 2497 315 2563 σωτηρίᾳ
332 2498 381 2547 τῶν
399 2499 492 2564 ψυχῶν,
512 2497 540 2548 δν
560 2497 609 2548 ἔσω
625 2495 749 2560 ἄνθρωπον
766 2497 845 2558 καλεῖ,
863 2496 893 2546 ὡς
908 2494 1032 2559 ἄνθρωπον
1048 2496 1157 2560 φανέντα

153 2576 244 2640 λέγων,
256 2579 300 2626 οὖν
315 2576 376 2626 ὄντα
386 2576 518 2641 ἄνθρωπον,
529 2576 570 2626 καὶ
586 2578 617 2626 ὡς
633 2576 759 2640 ἓνσαρπον,
771 2577 816 2625 οὐκ
833 2574 959 2638 ἔνσαρκον,
972 2575 1070 2639 δοκήσει
1082 2587 1157 2640 πεφη-

153 2654 222 2718 νότα,
243 2653 301 2704 οὔτε
319 2655 419 2719 γένεσιν
438 2655 599 2716 ὑπομείναντα
617 2653 674 2703 οὔτε
693 2655 774 2717 πάθος,
793 2652 861 2702 ἀλλὰ
879 2655 915 2716 τῷ
936 2655 1023 2706 δοκεῖν.
1067 2657 1154 2722 Oomp.

153 2739 226 2784 notes
237 2735 362 2786 Ps.-Tert.
372 2737 428 2788 odo.
439 2751 503 2785 omo.
515 2735 584 2785 baar.
598 2747 620 2796 3,
632 2733 656 2785 6.

189 2826 211 2862 1.
227 2817 281 2862 hoc
306 2817 429 2864 Hebion.
471 2814 525 2863 Tha
554 2813 672 2863 Ebionite
694 2812 853 2877 Christology
873 2827 925 2860 was
952 2813 1043 2878 purely
1064 2813 1156 2878 psilau-

154 2891 260 2956 thropic,
278 2892 412 2956 regarding
434 2893 510 2942 Jesus
532 2891 624 2956 simply
644 2907 672 2940 aa
693 2892 738 2940 the
760 2907 806 2940 son
831 2891 860 2940 of
878 2891 974 2954 Joseph
996 2892 1047 2941 and
1070 2893 1155 2958 Mary,

154 2970 273 3034 agreeing
292 2970 318 3018 in
336 2968 388 3019 this
405 2970 477 3034 point
495 2970 556 3019 with
573 2969 618 3020 the
634 2973 717 3018 tenets
733 2968 761 3017 oi
774 2968 909 3018 cerinthus
924 2968 974 3017 and
986 2969 1156 3034 Carpocrates.

154 3048 221 3097 Iren.
240 3049 256 3097 i.
273 3061 322 3107 2²3
344 3048 448 3113 Hippol.
467 3048 511 3098 vii.
529 3062 575 3112 343
591 3047 683 3112 Epiph.
701 3047 782 3097 Hacr.
802 3060 853 3110 302
870 3062 948 3111 comp.
961 3047 1084 3098 Ps.·Tert.
1096 3051 1153 3100 adv.

149 3132 219 3178 'cmm
232 3127 303 3175 aaa.
316 3141 339 3190 3.
987 3177 989 3183 .

222 3208 411 3254 Simonianae.
424 3205 488 3254 Acts
495 3204 546 3256 viii.
555 3220 571 3270 9
579 3205 618 3265 ff.;
628 3204 697 3253 Irsn.
706 3204 722 3254 i.
732 3202 775 3265 163
784 3203 908 3254 Ps.-Tert.
916 3203 973 3254 adv.
981 3221 1044 3256 omn.
1053 3206 1124 3256 haer.
1135 3219 1155 3256 1.

187 3283 270 3332 Gusr.
282 3283 490 3333 XXXIV.-10.
508 3286 600 3332 Deum
611 3285 702 3332 solius
714 3285 868 3332 bonitatis:
886 3297 927 3332 see
938 3282 1026 3344 above,
1038 3283 1076 3333 ch.
1090 3294 1114 3347 7.

190 3375 228 3411 11.
247 3364 392 3419 angelum:
413 3378 454 3410 see
471 3361 559 3423 above,
575 3362 615 3410 ch.
631 3370 662 3424 73
685 3376 764 3424 comp.
779 3362 811 3410 de
826 3376 872 3410 res.
889 3377 961 3411 cora.
981 3375 995 3424 5
1014 3363 1115 3412 ‘Futile
1131 3368 1157 3412 et

155 3437 274 3488 frivolum
290 3438 361 3488 istud
377 3431 551 3504 corpusculum
570 3475 576 3488 .
595 3476 602 3489 .
620 3476 627 3490 .
644 3439 692 3489 etsi
712 3439 781 3502 ignei
797 3439 904 3488 alicuius
920 3441 1058 3489 exstructio
1077 3457 1158 3505 aeque

155 3517 249 3582 angeli,
263 3521 293 3567 ut
309 3517 413 3582 Apelles
430 3517 520 3577 docet,’
531 3517 592 3577 dce.;
609 3518 639 3567 dc
652 3533 723 3568 cora.
737 3516 798 3568 oar.
811 3518 826 3566 8
837 3533 843 3576 ;
860 3517 892 3566 de
902 3519 979 3566 anim.
993 3532 1024 3581 ²3
1036 3519 1157 3584 ‘Apelles

155 3594 294 3646 solicitatas
310 3596 389 3645 refert
405 3595 503 3645 animas
519 3595 624 3645 terrenis
641 3595 703 3644 escis
719 3596 751 3644 de
768 3594 992 3659 supercaelestibus
1008 3595 1108 3646 sedibus
1124 3596 1157 3646 ab

155 3673 229 3738 igneo
241 3674 339 3738 angelo,
352 3673 399 3724 deo
410 3674 514 3723 Israelis
526 3679 552 3723 at
564 3673 668 3735 nostro,'
677 3673 721 3723 dec.

191 3763 229 3813 13.
246 3754 333 3802 nnius
344 3754 451 3803 Aeonis
462 3755 575 3802 vitium.
608 3752 663 3802 The
675 3751 721 3802 fall
735 3752 764 3801 of
776 3751 870 3817 Sophia
883 3751 948 3801 from
962 3749 1006 3801 the
1023 3750 1140 3802 Pleroma
1150 3768 1157 3812 ;

155 3845 198 3881 see
208 3835 276 3893 note,
288 3830 328 3881 ch.
341 3839 364 3895 7.
