2768 4358
391 835 484 918 AD
538 835 909 920 SCAPULAM

609 1076 686 1103 -00-

479 1261 613 1332 CAPUT
634 1261 813 1325 PRIMUM.

189 1411 256 1471 Nos
279 1412 400 1489 quidem
423 1433 517 1490 neque
545 1413 772 1491 expavescimus,
796 1433 891 1489 neque
919 1410 1154 1490 pertimescimus

148 1530 182 1570 ea
196 1531 269 1588 quae
282 1512 318 1570 ab
333 1509 539 1588 ignorantibus
552 1510 690 1590 patimur,
706 1533 773 1570 cum
787 1512 825 1571 ad
838 1510 915 1570 hanc
930 1517 1037 1571 sectam
1052 1510 1155 1588 utique

147 1615 283 1688 suscepta
305 1609 472 1671 condicione
495 1609 660 1690 eius‘peeti
682 1611 855 1683 venerimus,
878 1616 913 1670 ut
936 1608 1023 1670 etiam
1045 1609 1156 1668 animas

149 1715 263 1768 nostras
287 1708 434 1769 auctorati
455 1709 488 1767 in
512 1708 565 1769 has
586 1730 701 1788 pugnes
722 1710 900 1783 accedamus,
922 1728 1051 1786 eaquae
1075 1708 1156 1766 Deus

148 1806 330 1884 repromittit
355 1808 494 1885 consequi
523 1812 667 1886 optantes,
693 1813 724 1868 et
752 1829 786 1867 ea
814 1828 888 1885 quae
916 1806 1049 1867 diversae
1076 1805 1184 1870 vitae's

149 1905 344 1966 comminatur
370 1905 435 1985 peti
463 1906 609 1967 timentes.
659 1907 796 1984 Denique
824 1927 888 1966 cum
923 1905 1003 1964 omni
1033 1904 1156 1966 saevitia

149 2011 246 2065 vestra
261 2010 470 2079 concertamus,
485 2005 576 2065 etium
593 2006 674 2066 ultro
693 2011 888 2083 erumpentes,
904 2004 1057 2084 magisque
1076 2007 1156 2064 dem-

149 2102 214 2162 nsti
239 2123 328 2181 quam
352 2103 478 2164 absoluti
502 2105 668 2182 gaudemus.
710 2105 818 2183 Itaque
840 2103 917 2163 hunc
941 2104 1075 2164 libellum
1098 2123 1156 2161 non

149 2202 233 2262 nobis
245 2202 386 2263 timentes
400 2201 540 2277 misimus,
552 2203 603 2263 sed
613 2202 697 2263 vobis
709 2209 740 2264 et
754 2203 889 2262 omnibus
899 2203 1029 2262 inimicis
1039 2201 1156 2271 nostris,

183 2430 235 2476 AD
250 2428 465 2478 scAPmrAM.
500 2427 554 2476 The
565 2427 638 2477 Mss.
653 2427 704 2476 and
715 2428 781 2478 Edd.
794 2443 868 2491 agree
883 2428 912 2476 in
924 2427 969 2476 the
980 2427 1048 2476 Title
1063 2427 1091 2476 of
1105 2427 1157 2475 this

150 2505 259 2555 sddress.
292 2505 381 2569 Rigalt
391 2510 480 2568 quotes
495 2521 529 2554 an
545 2505 693 2569 inscription
708 2506 735 2554 in
750 2506 794 2554 the
809 2505 921 2555 Farnese
936 2505 1021 2569 palace
1032 2510 1060 2553 at
1073 2505 1155 2553 Rome

150 2585 292 2633 Dunrorrs
303 2595 343 2633 111.
368 2583 645 2634 In.Arr1n.Scsruns
652 2585 790 2633 heromo
802 2595 834 2632 rr
842 2585 938 2632 Trrnro
946 2584 1088 2634 Onnnnrvrn
1097 2584 1158 2634 cos.

183 2678 209 2727 4.
226 2664 375 2723 auctorati,
387 2660 497 2726 ‘having
506 2662 631 2712 hazarded
643 2679 689 2712 our
700 2679 763 2726 very
770 2661 850 2713 lives?
884 2662 945 2711 This
957 2662 1083 2726 deponent
1094 2661 1159 2711 form

152 2741 285 2794 auctorare'
299 2740 322 2790 is
338 2739 415 2790 found
425 2741 454 2790 in
463 2741 541 2806 Apul.
554 2743 660 2791 Metam.
672 2741 705 2791 ix.
719 2755 765 2806 193
782 2740 879 2804 Digest.
891 2740 960 2789 xxvi.
972 2741 996 2789 8.
1008 2756 1031 2803 4,
1044 2739 1121 2789 xxvii.
1133 2737 1157 2790 6.

151 2835 175 2884 9.
199 2818 341 2870 Elsewhere
352 2819 494 2868 Tertullian
505 2835 561 2868 uses
572 2819 617 2869 the
624 2819 716 2881 active,
725 2820 761 2869 ud
769 2823 844 2869 murt
856 2835 870 2884 5
880 2835 887 2879 3
902 2821 938 2869 ad
946 2818 1007 2867 Nat.
1017 2819 1033 2866 i.
1047 2819 1084 2866 18.
1105 2818 1159 2867 The

151 2899 283 2963 metaphor
298 2898 320 2946 is
335 2897 414 2947 taken
428 2897 494 2947 from
510 2898 555 2947 the
571 2897 710 2962 gladiators
725 2898 782 2947 who
794 2898 882 2948 ‘hired
898 2897 1052 2947 themselves
1067 2895 1118 2946 out’
1132 2901 1159 2945 to

151 2977 204 3026 rislr
215 2976 283 3026 their
293 2975 356 3024 lives
367 2976 395 3024 in
405 2975 451 3026 the
462 2976 550 3025 shows.

184 3052 208 3104 6.
228 3057 366 3113 Denique,
383 3053 582 3119 ‘Accordingly.’
615 3054 696 3103 There
712 3069 755 3103 are
771 3069 850 3118 many
867 3053 993 3102 instances
1012 3053 1160 3117 uideretque

152 3133 179 3181 in
197 3131 241 3180 the
258 3147 330 3182 sense
347 3129 375 3180 of
391 3130 483 3194 ἐρίων,
500 3132 574 3193 adeo,
591 3147 622 3180 ee
639 3133 809 3195 cenaequeutt,
825 3129 936 3196 proinde
951 3132 979 3179 in
997 3130 1159 3180 Tertullien’s

152 3210 280 3274 writings3
295 3210 376 3260 below
387 3211 427 3260 eh.
441 3224 465 3272 e,
475 3210 557 3274 Apol.
568 3222 617 3274 423
633 3211 664 3260 de
675 3210 743 3274 bapt.
754 3223 785 3258 10
795 3227 803 3271 ς
819 3211 851 3260 de
855 3225 931 3272 paen.
943 3224 971 3272 33
982 3210 1075 3273 depat.
1087 3226 1115 3272 43
1130 3211 1160 3260 de

149 3289 212 3352 pud
224 3288 241 3338 i.
255 3301 300 3350 135
311 3288 403 3353 desse.
415 3289 444 3338 e'a
454 3304 523 3354 pere.
534 3301 557 3350 e,
567 3286 583 3337 6
589 3305 595 3344 ;
608 3289 640 3337 de
651 3289 707 3338 ech.
719 3292 778 3339 cusi.
792 3301 834 3350 13;
845 3290 905 3338 ado.
914 3288 997 3338 Marc.
1009 3288 1026 3337 i.
1037 3300 1077 3348 10,
1088 3287 1123 3335 iv.
1136 3300 1160 3349 5,

154 3381 193 3431 25,
207 3367 247 3428 28,
264 3381 305 3432 39,
317 3384 342 3418 v.
355 3382 378 3432 9,
393 3380 431 3424 10,
444 3381 484 3430 15,
499 3376 537 3431 17.
572 3367 623 3416 For
633 3365 740 3417 another
751 3382 811 3432 very
821 3367 994 3430 frequentare
1007 3365 1159 3430 (=exempli

151 3444 245 3511 gratia)
258 3461 298 3495 see
308 3451 367 3495 note
378 3447 532 3509 depressor.
544 3444 614 3495 haer.
628 3459 650 3494 e.

186 3534 208 3589 7.
221 3529 424 3576 concertamus.
457 3523 512 3573 The
527 3523 695 3588 metaphoris
711 3523 769 3572 that
787 3523 816 3571 of
830 3522 874 3573 the
889 3521 1056 3572 battle-field:
1079 3536 1159 3584 comp.

151 3603 227 3668 Apol.
240 3616 273 3666 50
285 3603 428 3652 ‘Proelium
442 3607 481 3652 est
494 3602 574 3661 nobis,
591 3600 659 3665 quod
676 3617 841 3665 provocamur
854 3601 888 3651 ad
901 3600 1047 3662 tribunalia,
1060 3604 1089 3648 ut
1104 3599 1159 3648 illie

152 3682 199 3733 sub
210 3680 353 3732 discrimine
363 3681 453 3747 capitis
463 3696 510 3745 pro
520 3680 629 3730 veritate
639 3677 781 3730 certemus!

186 3759 210 3810 8.
227 3762 390 3819 gaudemus.
424 3759 510 3824 Comp.
522 3759 597 3824 Apol.
608 3759 625 3808 i.
637 3756 679 3824 46,
692 3771 731 3822 50.
768 3771 778 3806 1
793 3757 817 3807 S.
830 3757 887 3808 Pet.
898 3756 933 3808 iv.
946 3770 978 3821 14
989 3756 1015 3806 ff.
