2768 4358
177 242 253 290 cm.
266 234 424 300 xxxr-11.]
445 226 485 290 de
506 226 765 309 Praescrzittione
786 226 1046 292 Haereticorum.
1139 241 1180 311 73

176 398 247 457 dare
268 397 329 457 illis
350 405 503 476 praeterea
522 397 673 471 virtutem,
689 400 789 459 eadem
812 398 896 477 signa
916 397 1031 471 edendi,
1054 418 1128 477 quae
1150 403 1180 458 et

175 495 247 574 ipse.
300 498 373 556 Volo
396 497 491 574 igitur
517 503 548 557 et
572 497 698 556 virtutes
722 519 821 557 eorum
845 497 986 576 proferrI:
1018 496 1077 556 nisi
1101 497 1180 573 quod

175 615 301 672 agnosco
325 596 481 655 maximam
504 585 646 656 virtutem
670 615 779 669 eorum,
807 617 866 674 qua
890 596 1036 674 apostolos
1060 594 1093 653 in
1114 616 1180 673 per-

175 714 291 753 versum
312 695 508 754 aemulantur.
550 695 601 754 Illi
622 694 700 754 enim
718 696 754 754 de
775 672 899 754 mortuis
919 695 1004 755 vivos
1025 694 1179 766 faciebant,

175 790 228 851 isti
244 793 279 852 de
293 792 369 853 vivis
384 799 513 853 mortuos
527 794 649 853 faciunt.
1195 820 1208 868 5

543 1005 678 1067 CAPUT
700 1007 810 1066 XXXI.

217 1153 282 1213 Suu
306 1153 344 1213 ab
370 1173 493 1212 excessu
515 1161 647 1214 revertar
667 1157 704 1215 ad
724 1155 974 1234 principalitatem
994 1154 1130 1215 veritatis
1151 1160 1181 1214 et

175 1253 379 1332 posteritatem
410 1252 614 1313 mendacitatis
642 1252 858 1332 disputandam,
887 1276 923 1314 ex
957 1254 1037 1314 illius
1064 1274 1180 1332 quoqne

176 1351 331 1431 parabolae
352 1350 525 1428 patrocinio,
540 1371 616 1429 quae
629 1352 737 1411 bonum
752 1372 849 1411 semen
864 1353 1008 1412 frumenti
1023 1375 1040 1412 a
1053 1352 1181 1411 Domino

175 1452 350 1510 seminatum
374 1450 407 1508 in
429 1450 556 1527 primore
577 1449 740 1523 constituit,
762 1471 919 1510 avenarum
944 1458 1043 1512 autem
1071 1452 1180 1511 sterilis

175 1549 254 1609 faeni
284 1547 462 1607 adulterium
490 1549 527 1607 ab
558 1548 678 1609 inimico
713 1549 832 1609 diabolo
867 1555 969 1630 postea
1000 1551 1181 1629 superducit.
1196 1577 1226 1611 ιο

176 1647 299 1726 Proprie
328 1646 408 1706 enim
432 1646 633 1707 doctrinarum
661 1647 883 1708 distinctionem
911 1649 1030 1727 figurat,
1053 1650 1123 1728 quia
1150 1654 1181 1708 et

176 1747 248 1806 alibi
262 1747 386 1805 verbum
401 1746 459 1804 Dei
473 1746 591 1805 seminis
605 1746 768 1807 similitudo
782 1754 835 1807 est.
878 1747 927 1808 Ita
946 1768 982 1807 ex
1001 1747 1066 1826 ipso
1080 1748 1181 1807 ordine

175 1846 391 1918 manifestatur,
414 1845 445 1902 id
469 1866 531 1905 esse
553 1846 731 1906 dominicum
749 1853 779 1907 et
800 1867 913 1919 verum,
934 1847 1015 1925 quod
1036 1847 1077 1906 sit
1099 1846 1181 1925 prius

175 1944 338 2003 traditum:
361 1944 393 2002 id
407 1950 505 2004 autem
524 1952 694 2005 extraneum
710 1951 739 2005 et
755 1946 870 2018 falsum,
886 1946 964 2022 quod
979 1946 1019 2005 sit
1035 1945 1181 2024 posterius

175 2042 344 2102 immissum.
401 2046 447 2104 Ea
485 2044 632 2105 sententia
666 2044 797 2103 manebit
830 2045 970 2104 adversus
1005 2045 1181 2123 posteriores
1197 2068 1226 2118 15

176 2161 304 2220 quasque
331 2142 471 2215 haereses,
500 2143 608 2221 quibus
636 2142 720 2201 nulla
747 2142 912 2202 constantia
939 2144 975 2202 de
1003 2143 1181 2202 conscientia

176 2241 318 2318 competit
331 2241 369 2300 ad
383 2241 594 2302 defendendam
608 2239 666 2300 sibi
679 2241 844 2301 veritatem.

537 2450 672 2511 CAPUT
694 2450 821 2512 XXXII.

217 2598 380 2670 caraem,
396 2598 421 2657 si
436 2619 510 2677 quae
525 2599 635 2658 audent
649 2599 823 2658 interserere
841 2619 871 2658 se
885 2598 976 2658 aetati
997 2599 1180 2677 apostolicae,

176 2763 198 2814 it
210 2764 297 2813 stands
308 2763 336 2812 in
347 2763 391 2813 the
400 2768 465 2824 text,
474 2763 631 2828 recognizing
641 2762 686 2812 the
698 2761 846 2828 peculiarity
855 2762 884 2812 of
891 2761 977 2827 lyco,
986 2764 1037 2813 and
1048 2765 1182 2830 supplying

175 2841 330 2906 ‘apostolos'
342 2842 426 2891 before
437 2841 545 2891 ‘solere’
556 2841 621 2891 from
632 2841 705 2891 leid.

210 2935 232 2969 2.
249 2923 387 2970 vtrtutes:
404 2937 445 2969 see
456 2925 522 2976 note,
533 2919 571 2970 eh.
587 2934 624 2983 13.

210 2999 292 3051 Onne.
305 2998 469 3050 xxxi-6,
491 3001 751 3057 principalitatem:
785 2998 1001 3063 ‘pre-eminence,’
1030 2997 1180 3065 ‘priority':

176 3093 204 3127 so
216 3079 290 3142 again
302 3079 334 3126 de
345 3079 423 3127 onim.
438 3090 476 3138 13.
510 3078 745 3141 ‘Principalitatem
756 3077 897 3142 dicitquod
911 3079 998 3128 statim
1013 3095 1029 3128 a
1046 3079 1181 3144 primordio

174 3157 232 3214 fuit,
255 3158 428 3221 posteritatem
451 3156 518 3220 quod
540 3161 628 3219 postea
650 3155 789 3221 subrepsit’
815 3155 936 3222 (Reate).
971 3156 1179 3222 ‘Principalitae’

175 3233 506 3297 standsfcrtpxiydremi.
520 3248 560 3296 31.
575 3248 602 3295 ¹3
618 3233 644 3283 ii.
659 3248 680 3283 1.
695 3249 724 3295 a,
740 3234 776 3284 iii.
790 3248 812 3298 3.
827 3249 854 3294 1;
871 3251 895 3285 v.
910 3249 947 3298 14.

210 3325 233 3378 7.
251 3318 460 3371 disputandam.
495 3314 528 3364 So
538 3313 622 3377 Apol),
634 3313 707 3378 Rea:
725 3313 896 3377 deputandam
907 3314 1008 3379 reliqui.

208 3392 231 3442 8.
249 3396 407 3449 parabolae.
442 3393 467 3440 S.
480 3392 557 3442 Matt.
570 3391 625 3440 xiii.
637 3401 669 3456 37
680 3392 707 3440 ff.

207 3485 231 3533 9.
249 3484 410 3532 avenarum,
424 3470 497 3518 ‘wild
513 3467 580 3519 oats'
591 3471 661 3531 Cato,
674 3471 706 3519 de
719 3485 747 3518 re
757 3474 821 3519 ruet.
834 3479 873 3533 37.
886 3485 916 3534 4:
933 3486 1012 3534 comp.
1024 3470 1090 3522 Plin.
1101 3471 1130 3520 N
1131 3473 1178 3522 ,Ε

173 3547 243 3596 xviii.
259 3558 296 3612 17.
311 3553 324 3608 ς
340 3562 385 3613 149
399 3549 529 3597 ‘Primum
541 3549 652 3598 omnium
663 3548 784 3599 frumenti
796 3549 886 3598 vitium
897 3565 978 3599 avena
988 3546 1045 3598 est’

209 3641 247 3677 10.
264 3630 355 3677 faeni:
369 3627 483 3693 properi)⁷
497 3625 590 3692 ‘hay’:
608 3627 677 3689 here,
690 3626 790 3677 ‘weed’

207 3706 289 3755 Onsr.
301 3705 497 3755 xxm-18.
515 3709 771 3769 ceterum‚s1quae
782 3709 896 3757 audent.
922 3703 1028 3770 Hcving
1039 3706 1108 3755 dealt
1116 3705 1180 3755 with

175 3784 219 3834 the
238 3784 401 3849 questiones
416 3785 475 3834 date
493 3786 544 3835 and
560 3784 612 3835 late
631 3784 720 3850 origin,
735 3785 879 3835 Tertullian
896 3800 951 3834 now
969 3784 1055 3848 brings
1072 3783 1180 3834 forward
