2768 4358
183 272 319 338 cm.1v.]
436 261 608 327 Adversus
632 262 754 327 Omnes
777 261 945 327 Haereses.
1122 277 1183 346 157

181 437 293 515 angelis
314 435 413 495 datam
433 434 599 512 perhibens,
622 434 796 494 Iudaeorum
818 433 915 493 Deum
936 454 994 492 non
1016 433 1184 505 Dominum,

181 538 231 597 sed
245 535 381 614 angelum
395 550 539 611 promens.

222 635 322 694 Huius
343 653 490 692 successor
503 632 600 691 Ebiou
621 632 686 703 fuit,
701 631 843 692 Cerintho
865 652 923 691 non
944 631 976 689 in
998 631 1079 691 omni
1099 636 1184 710 parte

181 733 373 803 consentiens,
403 731 481 808 quod
509 751 527 793 a
554 731 617 789 Deo
645 731 724 789 dicat
749 731 901 803 mundum,
924 751 984 788 non
1006 729 1044 790 ab
1071 729 1184 806 angelis

180 834 309 904 sactum;
349 834 379 888 et
407 828 477 907 quia
512 829 654 907 seriptum
682 827 742 888 sit:
778 829 875 887 Nemo
903 828 1066 906 discipulus
1097 848 1212 905 super5

180 929 362 1007 magistrum,
379 949 431 987 nec
446 948 546 987 servus
560 948 647 1005 super
661 928 819 1000 dominum,
828 929 923 1006 legem
935 927 1024 987 etiam
1037 927 1183 1005 proponit,

181 1028 294 1088 scilicet
314 1027 353 1086 ad
376 1026 590 1086 excludendum
613 1026 797 1105 evangelium
818 1033 848 1086 et
869 1025 1077 1085 vindicandum
1098 1024 1185 1084 Iuda-

180 1147 295 1187 rsmum.

584 1290 719 1351 CAPUT
740 1292 792 1352 IV.

220 1434 422 1492 Viennenses
444 1440 541 1494 autem
561 1434 723 1495 haereticus
743 1435 850 1494 multas
871 1433 1038 1493 introduxit
1053 1432 1183 1492 fabulas:

180 1533 232 1592 has
252 1552 306 1610 ego
328 1531 537 1592 circumcidens
557 1533 687 1593 breviter
712 1533 873 1612 expediam.
915 1532 1085 1591 Introducit
1105 1532 1229 1591 enim10

179 1631 312 1690 Pleroma
326 1637 356 1690 et
373 1631 488 1690 Aeonas
502 1631 626 1708 triginta
634 1652 642 1705 ;
664 1632 783 1710 exponit
793 1637 892 1691 autem
906 1631 960 1690 hos
974 1651 1028 1708 per
1040 1632 1182 1708 syzygias,

179 1730 209 1788 id
234 1736 287 1802 est,
309 1729 525 1807 coniugationes
547 1731 695 1807 quasdam.
737 1731 815 1790 Nam
836 1730 909 1789 dicit
933 1731 965 1788 iu
989 1729 1093 1806 primis
1121 1749 1183 1788 esse

179 1829 296 1905 Bython
321 1835 352 1888 et
375 1827 541 1901 Silentium,
566 1849 603 1888 ex
627 1830 672 1888 his
696 1829 868 1907 processisse
893 1829 1026 1888 Mentem
1047 1833 1077 1886 et
1098 1828 1182 1887 Veri·
1209 1867 1210 1870 η

178 1934 289 2001 tatem;
320 1949 357 1987 ex
381 1928 486 2006 quibus
511 1929 642 2007 erupisse
666 1929 797 1989 Verbum
825 1937 855 1988 et
879 1928 987 2000 Vitam,
1012 1931 1048 1989 dc
1076 1927 1182 2005 quibus

177 2047 294 2085 rursum
316 2031 446 2086 creatum
460 2026 620 2087 Hominem
639 2034 670 2087 et
684 2029 855 2088 Ecclesiam.
898 2028 955 2087 Sed
978 2026 1057 2087 enim
1077 2046 1115 2084 ex
1134 2025 1226 2092 his15

179 2146 296 2203 quoque
316 2126 489 2204 processisse
513 2126 665 2186 duodecim
687 2126 821 2200 Aeonas;
855 2127 891 2185 de
920 2128 1060 2188 Sermone
1085 2136 1182 2184 autem

178 2230 208 2283 et
218 2224 293 2284 Vita
307 2223 422 2283 Aeonas
437 2224 509 2283 alios
524 2226 630 2284 decem.
666 2225 753 2285 Hanc
767 2246 827 2285 esse
838 2224 972 2284 Aeonum
986 2222 1180 2294 triacontada,

178 2342 251 2398 quae
271 2321 307 2382 fit
327 2322 360 2380 in
381 2321 544 2381 Pleromate
565 2342 602 2381 ex
623 2323 753 2400 ogdoade
774 2328 805 2382 et
824 2323 932 2383 decade
952 2345 985 2382 ac
1007 2322 1179 2381 duodecade.

177 2421 368 2480 Tricesimum
382 2425 481 2480 autem
494 2420 624 2479 Aeonem
640 2421 763 2498 Bython
782 2422 868 2481 illum
882 2421 983 2481 videre
998 2420 1133 2493 voluisse,
1150 2427 1180 2479 et

176 2520 213 2579 ad
230 2518 389 2578 videndum
402 2519 488 2577 illum
502 2540 606 2578 ausum
627 2540 688 2579 esse
702 2519 735 2578 in
749 2519 900 2597 superiora
921 2519 1112 2579 conscendere
1120 2539 1128 2592 3
1150 2523 1180 2576 et
1195 2541 1227 2576 20

177 2617 313 2696 quoniam
334 2619 371 2677 ad
392 2617 624 2696 magnitudinem
645 2618 738 2695 ipsius
752 2619 908 2678 videndam
928 2639 1022 2695 capax
1040 2618 1178 2690 nonfuit,

176 2718 206 2776 in
221 2716 380 2777 defectione
394 2716 484 2776 fuisse
499 2725 528 2776 et
542 2737 635 2794 paene
655 2717 828 2777 dissolutum
849 2738 919 2790 esse,
934 2717 992 2777 nisi
1006 2717 1056 2796 qui
1075 2718 1180 2776 missus

176 2818 212 2876 ad
234 2815 495 2877 constabiliendum
517 2816 601 2876 illum
623 2817 673 2876 ille
697 2837 783 2896 quem
805 2818 957 2896 appellant
979 2818 1092 2889 Horon,
1113 2837 1179 2875 cou-

210 3055 232 3104 3.
250 3045 353 3102 Ebion.
387 3043 434 3092 See
445 3047 516 3091 notes
527 3044 558 3092 de
567 3057 680 3108 praescr.
692 3042 760 3093 tear.
773 3055 812 3104 33.

209 3133 231 3182 5.
250 3124 388 3178 scriptum
399 3124 446 3171 sit.
480 3121 505 3170 S.
519 3121 597 3171 Matt.
609 3139 633 3172 1.
647 3136 692 3185 243
711 3121 736 3171 S.
749 3121 821 3170 Luhe
832 3121 864 3169 vi.
878 3135 925 3185 403
941 3123 967 3171 S.
978 3121 1049 3170 John
1060 3121 1112 3171 xiii.
1128 3120 1165 3169 16.

208 3212 232 3262 9.
249 3202 427 3249 Valentinus.
462 3199 509 3248 See
519 3200 550 3248 de
559 3216 672 3265 procace.
683 3200 751 3248 aaa.
764 3209 787 3262 7,
800 3214 840 3261 30,
853 3214 892 3261 33.

211 3289 248 3325 10.
266 3281 481 3327 circumcidens.
504 3276 791 3342 recantatione),
801 3278 985 3336 scalaoria:
999 3277 1178 3327 circumdicens

174 3353 270 3403 Rhea:
287 3354 475 3405 circumducens
486 3354 530 3404 rel.
994 3386 995 3389 =

210 3445 248 3492 13.
268 3435 429 3482 Silentium.
463 3434 521 3496 Sige
535 3433 586 3482 had
601 3450 617 3482 a
627 3434 699 3498 place
710 3434 737 3483 in
748 3435 835 3500 nearly
846 3435 881 3484 all
892 3435 938 3483 the
949 3434 1053 3484 Gnostic
1064 3438 1178 3498 systema,

175 3525 237 3558 even
252 3510 279 3559 in
293 3509 414 3571 Simon's3
433 3511 508 3576 Greg.
521 3513 584 3562 Nan.
600 3512 674 3562 Orat.
686 3529 745 3563 xxv.
763 3515 785 3562 8.
802 3528 831 3572 1;
848 3513 898 3562 and
906 3512 1061 3576 Hippolytus
1070 3512 1178 3575 (Philas.

175 3587 208 3637 vi.
223 3589 265 3648 π)
278 3592 356 3637 states
367 3588 425 3638 that
436 3589 597 3639 Valentinus'
609 3596 703 3654 system
714 3608 765 3640 was
777 3592 886 3641 founded
897 3609 930 3640 on
941 3591 999 3640 that
1010 3591 1038 3641 of
1044 3591 1137 3641 Simon.

239 3668 408 3725 processisse
431 3671 567 3719 Mentem.
609 3669 663 3719 The
693 3669 767 3721 MSS.
791 3676 892 3736 present
920 3670 1066 3734 processisse
1092 3686 1178 3718 semen

174 3750 285 3794 mentem
299 3744 334 3808 by
344 3745 479 3809 repetition
494 3747 522 3796 of
534 3747 578 3797 the
593 3749 642 3798 last
657 3753 708 3798 two
722 3750 810 3800 letters
821 3750 850 3799 of
859 3749 902 3799 the
913 3749 968 3798 first
983 3748 1052 3798 word
1067 3749 1118 3797 and
1133 3748 1177 3798 the

174 3824 228 3872 first
239 3823 311 3874 three
322 3823 351 3871 of
357 3823 401 3872 the
412 3823 509 3874 second.
