2768 4358
174 262 235 311 car.
253 255 349 322 xxx.]
391 247 431 311 de
451 247 713 330 praescriptione
733 244 990 310 Haereticcrum.
1138 243 1179 328 69

175 417 313 478 Ceterum
335 417 406 478 satis
427 417 571 495 ineptum,
585 422 620 476 ut
640 437 694 494 pro
715 415 807 494 priori
826 417 961 476 doctrina
981 416 1110 476 haeresis
1128 415 1179 474 ha·

173 515 294 576 beatur:
317 518 364 576 vel
378 517 515 594 quoniam
529 516 594 594 ipsa
608 520 653 574 est
668 535 742 593 quae
757 515 873 574 futuras
887 513 1020 575 haereses
1034 514 1178 574 cavendas

173 616 408 691 praenuntiabat.
449 614 498 673 Ad
522 615 586 674 eius
610 614 761 673 doctrinae
786 614 934 672 ecclesiam
960 614 1178 691 scriptumest,

174 710 263 771 immo
284 711 348 789 ipsa
366 712 501 771 doctrina
519 712 557 770 ad
580 710 729 771 ecclesiam
752 712 872 771 scribit:
909 711 976 771 Etsi
1001 711 1122 788 angelus
1143 711 1179 769 ds

174 811 254 870 caelo
268 811 356 871 aliter
369 810 615 887 evangelizaverit
629 811 704 870 citra
717 831 805 888 quam
820 831 883 883 nos,
897 810 1052 870 anathema
1065 810 1113 869 sit.
1193 826 1207 876 5

550 994 685 1054 CAPUT
707 994 800 1053 XXX.

216 1127 281 1187 UBI
301 1132 372 1186 tunc
387 1125 528 1200 Marcion,
545 1126 685 1185 Ponticus
699 1127 861 1200 nauclerus,
879 1125 994 1186 Stoicae
1008 1124 1178 1186 studiosusl

175 1226 237 1286 Ubi
262 1225 448 1300 Valentinus,
475 1225 642 1284 Platonicae
667 1227 815 1285 sectatori
865 1225 943 1284 Nam
971 1230 1086 1284 constat
1113 1224 1179 1283 illos

175 1343 269 1400 neque
297 1325 370 1382 adeo
397 1324 468 1382 olim
493 1324 592 1396 fixisse,
620 1322 766 1382 Antonini
794 1325 853 1383 sere
881 1322 1060 1401 principatu,
1089 1329 1119 1383 et
1146 1322 1179 1381 in

175 1423 333 1483 catholicae
357 1424 453 1500 primo
479 1423 642 1482 doctrinam
668 1422 824 1482 credidisse
849 1423 928 1498 apud
949 1421 1097 1481 ecclesiam
1119 1422 1178 1479 Ro·

175 1543 349 1595 manensem,
372 1523 427 1581 sub
454 1523 622 1600 episcopatu
650 1521 802 1582 Eleutheri
824 1521 990 1595 benedicti;
1024 1523 1114 1582 donec
1142 1522 1226 1586 0b10

174 1621 337 1698 inquietam
353 1641 467 1699 semper
480 1621 690 1694 curiositatem,
704 1642 762 1700 qua
776 1622 883 1681 fratres
897 1641 1011 1698 quoque
1021 1620 1177 1693 vitiabant,

210 1783 231 1818 1.
248 1772 397 1827 propriori
406 1771 542 1819 doctrina
560 1769 661 1818 rhisis
670 1769 782 1820 Oehler's
794 1770 957 1818 emendation
969 1769 997 1819 oi
1005 1769 1095 1834 Aqob„
1108 1772 1116 1796 ‘
1123 1786 1179 1833 prc-

175 1847 242 1912 prior
253 1850 281 1897 in
293 1846 422 1897 doctrina'
458 1847 529 1898 Laid.
542 1848 594 1897 and
608 1848 697 1913 nearly
711 1847 747 1898 all
758 1848 815 1899 edd.
826 1849 887 1898 read
905 1849 989 1912 ‘prior
1005 1849 1032 1896 in
1048 1847 1179 1898 doctriua!

174 1927 225 1975 For
238 1926 294 1974 ‘in'
305 1926 391 1976 Roatls
402 1926 524 1990 proposed
535 1925 613 1978 ‘illa'

207 2019 231 2068 4
249 2007 314 2054 sitsi
325 2007 451 2062 angelus.
485 2005 542 2054 Gal.
554 2005 570 2053 i.
583 2006 607 2055 8.

207 2083 290 2131 Char.
301 2081 449 2132 xxx-6.
468 2085 605 2132 Ponticus
613 2087 771 2133 nauclerus.
795 2079 930 2133 Marcion's
937 2083 1010 2132 home
1016 2099 1068 2132 was
1079 2082 1178 2146 Sinope,

175 2160 203 2208 oi
211 2160 294 2210 which
306 2162 359 2226 city
369 2161 408 2210 his
420 2161 503 2210 father
514 2177 564 2210 was
576 2161 671 2224 bishop‚
684 2162 809 2226 Epiphan.
821 2163 904 2212 Hcer.
915 2176 946 2227 4²
959 2178 966 2222 ;
983 2162 1108 2212 Ps-Tert.
1120 2162 1179 2212 ado.

174 2239 244 2290 laer.
254 2238 278 2289 6.
313 2239 454 2289 Tertullian
466 2240 612 2304 frequently
623 2241 685 2288 calls
696 2240 749 2288 him
762 2239 918 2289 ‘nauclerus’
932 2241 1003 2302 (ado.
1015 2240 1100 2289 Marc.
1111 2240 1128 2287 i.
1139 2241 1179 2301 18,

175 2317 210 2366 iii.
222 2316 247 2379 6,
258 2318 293 2366 iv.
305 2316 343 2383 9),
355 2317 436 2367 either
450 2317 478 2365 in
489 2318 598 2366 allusion
609 2322 636 2366 to
650 2317 694 2366 the
706 2318 833 2366 maritime
848 2319 959 2381 pursuits
971 2317 998 2366 of
1010 2317 1050 2366 his
1062 2322 1179 2382 country·

174 2411 243 2456 men,
253 2410 281 2444 or
292 2395 398 2444 because
409 2395 441 2443 he
454 2411 505 2444 was
516 2395 599 2460 really
610 2411 625 2444 a
636 2395 795 2458 shira-owner.
829 2395 861 2444 So
873 2395 980 2444 Rhodon
992 2397 1076 2459 (apud
1087 2396 1178 2445 Euseb.

175 2490 200 2524 v.
214 2473 256 2538 13)
269 2473 358 2537 speaks
369 2473 397 2521 of
405 2473 459 2522 him
470 2489 497 2523 as
509 2471 604 2536 ναύτης.

242 2553 355 2601 Stoicae
366 2555 527 2601 studiosus:
546 2567 587 2601 see
598 2556 666 2613 note,
677 2551 716 2601 ch.
730 2560 753 2615 7.

208 2631 231 2680 8.
249 2632 405 2679 Antonini:
424 2641 478 2679 11).
493 2628 613 2691 138-161.
647 2630 733 2693 comp.
746 2629 813 2679 Iren
825 2645 893 2694 1114.
907 2643 919 2676 a
934 2627 1101 2678 ‘Valentinus
1112 2630 1179 2678 enim

174 2708 246 2757 verrit
256 2707 366 2756 Romam
377 2708 423 2756 sub
435 2708 553 2772 Hygino:
571 2708 678 2757 increvit
689 2723 749 2757 vero
760 2708 806 2756 sub
818 2707 874 2768 Pio,
886 2711 912 2755 et
926 2708 1070 2770 prorogavit
1080 2711 1180 2770 tempus

175 2801 254 2849 nsque
272 2785 306 2834 ad
323 2785 461 2834 Anicetum
478 2823 485 2835 .
503 2821 509 2835 .
527 2822 533 2834 .
549 2786 665 2835 Marcion
684 2791 770 2833 autem
790 2785 829 2833 illi
847 2785 990 2845 succedens,
1007 2785 1116 2834 invaluit
1133 2785 1180 2833 sub

175 2864 300 2914 Aniceto.’
334 2863 399 2912 Iust.
411 2863 489 2912 Mart.
500 2862 575 2927 Apol.
589 2864 606 2914 i.
620 2864 651 2914 26
665 2863 778 2928 (writing
793 2863 819 2912 in
835 2863 880 2913 the
895 2864 966 2927 reign
981 2863 1010 2911 ol
1020 2862 1178 2927 Antoninus)
1205 2880 1207 2885 ·

174 2939 304 3004 Μαρκίωνα
315 2938 341 2988 δέ
353 2958 408 2989 τινα
419 2941 547 3002 Ποντικόν,
560 2940 585 2990 ds
595 2941 635 2990 cal
650 2943 694 2991 νῦν
706 2943 741 2990 ἔτι
757 2940 811 2990 ἐστὶ
823 2939 941 2989 διδάσκων
952 2939 1009 2990 τοὺς
1020 2938 1180 3001 πειθομένους,

175 3021 233 3081 &c.;
252 3021 310 3070 odo.
328 3019 412 3069 Marc.
431 3020 448 3067 i.
469 3033 499 3084 19
519 3019 677 3084 ‘[Marcion]
696 3020 888 3069 Antoninianus
903 3019 1051 3080 haereticus,
1069 3019 1116 3068 sub
1133 3019 1180 3068 Pio

173 3096 297 3163 impius';
314 3111 392 3162 v.19.

208 3191 231 3242 9.
249 3179 419 3228 catholicae:
444 3193 476 3226 sc.
502 3174 652 3228 ‘ecclesiae’
686 3178 719 3228 So
741 3176 828 3241 Aqola,
850 3176 907 3242 Rip.
954 3176 1061 3226 African
1081 3176 1179 3225 writers

175 3256 319 3320 frequently
339 3271 384 3304 use
412 3253 564 3304 ‘catholica’
587 3256 647 3304 thus
670 3255 826 3320 elliptically.
868 3256 955 3316 aeid,
977 3256 1066 3317 Rhea,
1090 3254 1179 3317 (long,

179 3334 245 3394 Get,
256 3333 340 3393 Pam,
353 3334 509 3383 catholicam.
544 3335 582 3384 On
600 3334 645 3384 the
659 3335 730 3400 early
741 3351 785 3384 use
800 3335 829 3384 of
840 3335 892 3383 this
903 3334 973 3383 word
987 3350 1029 3384 see
1039 3333 1178 3398 Lightfoot,

174 3411 302 3478 lynctias,
314 3412 341 3462 ii.
354 3425 410 3472 310.

210 3503 248 3539 10.
266 3493 429 3539 Eleutheri:
446 3490 569 3556 probably
583 3503 635 3539 am.
650 3491 772 3554 174-189.
805 3489 858 3539 But
869 3490 1011 3540 Tertullian
1022 3490 1043 3539 is
1053 3491 1179 3540 mistaken

174 3570 202 3618 in
214 3569 302 3632 dating
313 3569 357 3618 the
368 3569 609 3618 excommunication
621 3569 649 3618 oi
660 3569 774 3618 Marcion
785 3569 835 3619 and
847 3569 875 3618 oi
886 3569 1039 3618 Valentinus
1050 3586 1077 3618 so
1087 3569 1140 3618 late
1152 3585 1179 3618 as

175 3649 227 3699 this
238 3647 393 3711 episcopata:
411 3663 452 3697 see
463 3647 568 3696 Salmon
578 3648 629 3696 and
639 3648 742 3712 Lipsius
753 3650 780 3698 in
794 3650 827 3699 D.
835 3650 904 3701 O.R.
916 3649 951 3700 iii.
964 3649 1027 3709 8183
1043 3649 1077 3699 iv.
1090 3649 1162 3713 1078.

210 3740 248 3775 11.
266 3729 472 3775 curiositatem:
483 3742 524 3774 see
535 3731 602 3787 note,
614 3726 653 3776 ch.
667 3736 690 3791 7.

266 3806 548 3862 qua...vitiabant:
566 3804 914 3871 quam...vitabantA90h.
